@techreport{ParkForestReport,
    title = {{Park Forest Branch Library Continuous Commissioning\textsuperscript{\textregistered{}}} Final Report},
    year={2015},
    author={Energy Systems Laboratory},
    institution={Energy Systems Laboratory},
}

@article{Afram2017,
    author = {Afram, Abdul and Janabi-Sharifi, Farrokh and Fung, Alan S. and Raahemifar, Kaamran},
    journal = {Energy and Buildings},
    pages = {96--113},
    title = {Artificial neural network ({ANN}) based model predictive control ({MPC}) and optimization of {HVAC} systems: A state of the art review and case study of a residential {HVAC} system},
    volume = {141},
    year = {2017}
}

@article{Garnier2015,
    author = {Garnier, Antoine and Eynard, Julien and Caussanel, Matthieu and Grieu, St\'ephane},
    journal = {Applied Soft Computing},
    pages = {847--862},
    title = {Predictive control of multizone heating, ventilation and air-conditioning systems in non-residential buildings},
    volume = {37},
    year = {2015}
}


@article{Kim2016,
    author = {Kim, Wonuk and Jeon, Yongseok and Kim, Yongchan},
    journal = {Applied Energy},
    pages = {666--674},
    title = {Simulation-based optimization of an integrated daylighting and {HVAC} system using the design of experiments method},
    volume = {162},
    year = {2016}
}

@article{Huang2015a,
    author = {Huang, Hao and Chen, Lei and Hu, Eric},
    journal = {Building and Environment},
    pages = {203--216},
    title = {A new model predictive control scheme for energy and cost savings in commercial buildings: An airport terminal building case study},
    volume = {89},
    year = {2015}
}

@article{Ferreira2012,
    author = {Ferreira, P.M. and Ruano, A.E. and Silva, S. and Concei{\c{c}}{\~{a}}o, E.Z.E.},
    journal = {Energy and Buildings},
    pages = {238--251},
    title = {Neural networks based predictive control for thermal comfort and energy savings in public buildings},
    volume = {55},
    year = {2012}
}

@techreport{PrestonRoyalReport,
    title = {Preston Royal Branch Library Continuous Commissioning\textsuperscript{\textregistered{}} Final Report},
    year={2015},
    author={Energy Systems Laboratory},
    institution={Energy Systems Laboratory},
}

@inproceedings{Ruano2015,
    author = {Ruano, A. E. and Silva, S. and Pesteh, S. and Ferreira, P.  M. and Duarte, H. and Mestre, G. and Khosravani, H. and Horta, R.},
    isbn = {9781479972531},
    title = {Improving a neural networks based {HVAC} predictive control approach},
    year = {2015},
    booktitle={2015 IEEE 9th International Symposium of Intelligent Signal Processing}
}

@article{Ruano2016,
    author = {Ruano, Antonio E. and Pesteh, Shabnam and Silva, Sergio and Duarte, Helder and Mestre, Gon{\c{c}}alo and Ferreira, Pedro M. and Khosravani, Hamid R. and Horta, Ricardo},
    journal = {Energy and Buildings},
    pages = {145--158},
    title = {The {IMBPC} {HVAC} system: A complete {MBPC} solution for existing {HVAC} systems},
    volume = {120},
    year = {2016}
}

@article{Fels1986,
    title = {{PRISM: An} introduction},
    year = {1986},
    journal = {Energy and Buildings},
    author = {Fels, Margaret F.},
    number = {1-2},
    pages = {5--18},
    volume = {9},
    publisher = {Elsevier},
}

@article{Braun2007GeneralControl,
    title = {A General Control Algorithm for Cooling Towers in Cooling Plants with Electric and/or Gas-Driven Chillers},
    year = {2007},
    journal = {{HVAC\&R} Research},
    author = {Braun, James E.},
    number = {4},
    pages = {581--598},
    volume = {13},
    publisher = {Taylor {\&} Francis},
}

@techreport{Kissock2002,
    title = {Development of a toolkit for calculation linear, change-point linear and multiple inverse building energy analysis models.},
    year = {2002},
    booktitle = {Research project 1050. Final report},
    author = {{ASHRAE}},
    publisher = {{ASHRAE}}
}

@article{Buratti2014,
    title = {An original tool for checking energy performance and certification of buildings by means of Artificial Neural Networks},
    year = {2014},
    journal = {Applied Energy},
    author = {Buratti, C. and Barbanera, M. and Palladino, D.},
    number = {0},
    pages = {125--132},
    volume = {120},
}

@article{Crawford1991,
    title = {A segmented linear least-squares modeling procedure for nonlinear {HVAC} components},
    year = {1991},
    journal = {{ASHRAE} Transactions},
    author = {Crawford, R. and Dykowski, R. and Czajkowski, S.},
    pages = {11--18},
    volume = {97}
}

@book{Mendenhall2003,
    title = {A Second Course in Statistics: Regression Analysis},
    year = {1997},
    booktitle = {Journal of the American Statistical Association},
    author = {Dietz, E. Jacquelin and Mendenhall, William and Sincich, Terry},
    pages = {797},
    volume = {92},
    publisher = {Pearson Education},
    address = {Upper Saddle River, New Jersey},
    isbn = {0-13-022323-9},
}

@article{Dhar1999,
    title = {A Fourier Series Model to Predict Hourly Heating and Cooling Energy Use in Commercial Buildings With Outdoor Temperature as the Only Weather Variable},
    year = {1999},
    journal = {ASME Journal of Solar Energy Engineering},
    author = {Dhar, A. and Reddy, T.A. and Claridge, D.E.},
    number = {February 1999},
    pages = {47--53},
    volume = {121},
    publisher = {American Society of Mechanical Engineers},
}

@book{ASHRAEFundamentals,
    title = {{ASHRAE} Handbook, Fundamentals},
    year = {2001},
    booktitle = {Atlanta},
    author = {{ASHRAE}},
    pages = {17--31}
}

@phdthesis{Abushakra2001,
    title = {Short-Term Monitoring, Long-Term Prediction of Building Energy Use},
    year = {2001},
    booktitle = {Department of Mechanical Engineering, Texas A{\&}M},
    author = {Abushakra, Bass}
}

@inproceedings{Mills2005,
    title = {The cost-effectiveness of commissioning new and existing commercial buildings: Lessons from 224 buildings},
    year = {2005},
    booktitle = {National Conference on Building Commissioning: May},
    author = {Mills, Evan and Bourassa, Norman and Piette, Mary Ann and Friedman, Hannah and Haasl, Tudi and Powell, Tehesia and Claridge, David},
    pages = {6},
    volume = {4}
}

@article{Wang2000Model-basedAlgorithm,
    title = {Model-based optimal control of {VAV} air-conditioning system using genetic algorithm},
    year = {2000},
    journal = {Building and Environment},
    author = {Wang, Shengwei and Jin, Xinqiao},
    number = {6},
    pages = {471--487},
    volume = {35},
}

@article{Liu2006ExperimentalFoundation,
    title = {Experimental analysis of simulated reinforcement learning control for active and passive building thermal storage inventory: {Part} 1. {Theoretical} foundation},
    year = {2006},
    journal = {Energy and Buildings},
    author = {Liu, Simeng and Henze, Gregor P.},
    number = {2},
    pages = {142--147},
    volume = {38},
}

@article{Zaheer-uddin2000OptimalBuildings,
    title = {Optimal control of time-scheduled heating, ventilating and air conditioning processes in buildings},
    year = {2000},
    journal = {Energy Conversion and Management},
    author = {Zaheer-uddin, M. and Zheng, G. R.},
    number = {1},
    pages = {49--60},
    volume = {41},
}

@article{Dhar1998,
    title = {Modeling hourly energy use in commercial buildings with Fourier series functional forms},
    year = {1998},
    journal = {Journal of Solar Energy Engineering, Transactions of the ASME},
    author = {Dhar, A. and Reddy, T. A. and Claridge, D. E.},
    number = {3},
    pages = {217--223},
    volume = {120},
}

@article{Crowther2004,
    title = {Optimizing chillers and towers},
    year = {2004},
    journal = {{ASHRAE} Journal},
    author = {Crowther, Hugh and Furlong, James},
    number = {7},
    pages = {34--44},
    volume = {46},
    publisher = {Amer. Soc. Heating, Ref. Air-Conditoning Eng. Inc},
    address = {Product Management and Technology, McQuay International, {ASHRAE} Standards Committee, Plymouth, MN, United States; Baltimore Aircoil Company, Baltimore, MD, United States},
}

@article{Hygh2012,
    title = {Multivariate regression as an energy assessment tool in early building design},
    year = {2012},
    journal = {Building and Environment},
    author = {Hygh, Janelle S. and DeCarolis, Joseph F. and Hill, David B. and Ranji Ranjithan, S.},
    number = {0},
    pages = {165--175},
    volume = {57},
    isbn = {0360-1323},
    pmid = {78032131},
}

@article{Burkhart2014,
    title = {Measurement and Verification of Building Systems Under Uncertain Data: A Gaussian Process Modeling Approach},
    year = {2014},
    journal = {Energy and Buildings},
    author = {Burkhart, Michael C. and Heo, Yeonsook and Zavala, V. M.},
    number = {0},
    pages = {189--198},
    volume = {75},
}

@inproceedings{Xuemei2010,
    title = {Building cooling load forecasting using fuzzy support vector machine and fuzzy C-mean clustering},
    year = {2010},
    booktitle = {Computer and Communication Technologies in Agriculture Engineering (CCTAE), 2010 International Conference On},
    author = {Xuemei, Li and Yuyan, Deng and Lixing, Ding and Liangzhong, Jiang},
    pages = {438--441},
    volume = {1},
    isbn = {978-1-4244-6944-4},
}

@inproceedings{Zhao2011,
    title = {New parallel support vector regression for predicting building energy consumption},
    year = {2011},
    booktitle = {IEEE Symposium on Computational Intelligence in Multicriteria Decision-Making},
    author = {Zhao, Hai-xiang and Magoules, Frederic},
    pages = {14--21},
    isbn = {978-1-61284-067-3},
}

@article{Dong2005,
    title = {Applying support vector machines to predict building energy consumption in tropical region},
    year = {2005},
    journal = {Energy and Buildings},
    author = {Dong, Bing and Cao, Cheng and Lee, Siew Eang},
    number = {5},
    pages = {545--553},
    volume = {37},
    isbn = {0378-7788},
}

@article{Aranda2012,
    title = {Multiple regression models to predict the annual energy consumption in the Spanish banking sector},
    year = {2012},
    journal = {Energy and Buildings},
    author = {Aranda, Alfonso and Ferreira, Germán and Mainar-Toledo, M. D. and Scarpellini, Sabina and Llera Sastresa, Eva},
    number = {0},
    pages = {380--387},
    volume = {49},
}

@inproceedings{Katipamula1994,
    title = {Development and Application of Regression Models to Predict Cooling Energy Consumption in Large Commercial Buildings},
    year = {1994},
    booktitle = {The 1994 ASME/JSME/JSES International Solar Energy Conference},
    author = {Katipamula, S. and Reddy, T.A. and Claridge, D.E.},
    pages = {307--322},
    volume = {San Franci},
    publisher = {American Society of Mechanical Engineers},
}

@article{Gosman1980,
    title = {The flow properties of rooms with small ventilation openings},
    year = {1980},
    journal = {Journal of Fluids Engineering},
    author = {Gosman, A. D. and Nielsen, P. V. and Restivo, A. and Whitelaw, J. H.},
    number = {3},
    pages = {316--323},
    volume = {102},
    publisher = {American Society of Mechanical Engineers}
}

@article{Henze2005,
    title = {Experimental analysis of model-based predictive optimal control for active and passive building thermal storage inventory},
    year = {2005},
    journal = {{HVAC\&R} Research},
    author = {Henze, Gregor P. and Kalz, Doreen E. and Liu, Simeng and Felsmann, Clemens},
    number = {2},
    pages = {189--213},
    volume = {11},
    publisher = {Amer. Soc. Heating, Ref. Air-Conditoning Eng. Inc},
    address = {University of Nebraska-Lincoln, Lincoln, NE, United States; Institute of Thermodynamics and Building Systems Engineering, Technical University of Dresden, Dresden, Germany},
}

@techreport{IPMVP2002,
    title = {International Performance Measurement {\&} Verification Protocol: Concepts and Options for Determining Energy and Water Savings},
    year = {2002},
    author = {{U.S. Department of Energy}},
    isbn = {<null>},
}

@article{Fanger1986,
    title = {Perception of draught in ventilated spaces},
    year = {1986},
    journal = {Ergonomics},
    author = {Fanger, P. O. and Christensen, N. K.},
    number = {2},
    pages = {215--235},
    volume = {29},
    publisher = {Taylor {\&} Francis}
}

@article{Rabl1992,
    title = {Energy signature models for commercial buildings: test with measured data and interpretation},
    year = {1992},
    journal = {Energy and Buildings},
    author = {Rabl, A. and Rialhe, A.},
    number = {2},
    pages = {143--154},
    volume = {19},
    publisher = {Elsevier},
    isbn = {0378-7788},
}

@article{Wang2008,
    title = {Supervisory and Optimal Control of Building {HVAC} Systems: A Review},
    year = {2008},
    journal = {{HVAC\&R} Research},
    author = {Wang, Shengwei and Ma, Zhenjun},
    number = {1},
    pages = {3--32},
    volume = {14},
    publisher = {Taylor {\&} Francis},
}

@article{Korolija2013,
    title = {Regression models for predicting UK office building energy consumption from heating and cooling demands},
    year = {2013},
    journal = {Energy and Buildings},
    author = {Korolija, Ivan and Zhang, Yi and Marjanovic-Halburd, Ljiljana and Hanby, Victor I.},
    number = {0},
    pages = {214--227},
    volume = {59},
    isbn = {0378-7788},
}

@article{Freire2008,
    title = {Development of regression equations for predicting energy and hygrothermal performance of buildings},
    year = {2008},
    journal = {Energy and Buildings},
    author = {Freire, Roberto Z. and Oliveira, Gustavo H. C. and Mendes, Nathan},
    number = {5},
    pages = {810--820},
    volume = {40},
    isbn = {03787788 (ISSN)},
}

@inproceedings{Reynolds1990,
    title = {Using monthly billing data to find energy efficiency opportunities in small commercial buildings},
    year = {1990},
    booktitle = {Proceedings of the ACEEE 1990 Summer Study on Energy Efficiency in Buildings},
    author = {Reynolds, Cathy and Komor, Paul and Fels, M},
    pages = {221--10},
    volume = {10}
}

@inproceedings{Zhang2009,
    title = {Interval forecasting for heating load using support vector regression and error correcting Markov chains},
    year = {2009},
    booktitle = {Machine Learning and Cybernetics, 2009 International Conference on},
    author = {Zhang, Yong-Ming and Qi, Wei-Gui},
    pages = {1106--1110},
    volume = {2},
    publisher = {IEEE}
}

@article{Braun2007RP1252,
    title = {A Near-Optimal Control Strategy for Cool Storage Systems with Dynamic Electric Rates ({RP-1252})},
    year = {2007},
    journal = {{HVAC\&R} Research},
    author = {Braun, James E.},
    number = {4},
    pages = {557--580},
    volume = {13},
    publisher = {Taylor {\&} Francis},
}

@phdthesis{Qin_2014_Res_Letters,
    title = {A Data-Driven Approach for System Approximation and Set Point Optimization, With a Focus in {HVAC} Systems},
    year = {2014},
    author = {Qin, Xiao},
    volume = {Doctor of},
    publisher = {University of Arizona},
    school={University of Arizona},
}

@article{Henze2003EvaluationSystems,
    title = {Evaluation of Reinforcement Learning Control for Thermal Energy Storage Systems},
    year = {2003},
    journal = {{HVAC\&R} Research},
    author = {Henze, Gregor P. and Schoenmann, Jobst},
    number = {3},
    pages = {259--275},
    volume = {9},
    publisher = {Taylor {\&} Francis},
}

@article{Braun2007HybridCooling,
    title = {Near-Optimal Control Strategies for Hybrid Cooling Plants},
    year = {2007},
    journal = {{HVAC\&R} Research},
    author = {Braun, James E.},
    number = {4},
    pages = {599--622},
    volume = {13},
    publisher = {Taylor {\&} Francis},
}

@article{Sjogren2009,
    title = {Sensitivity of the total heat loss coefficient determined by the energy signature approach to different time periods and gained energy},
    year = {2009},
    journal = {Energy and Buildings},
    author = {Sj{\"{o}}gren, J.-U. and Andersson, S. and Olofsson, T.},
    number = {7},
    pages = {801--808},
    volume = {41},
    publisher = {Elsevier},
    isbn = {03787788},
}

@phdthesis{Kissock1993,
    title = {A Methodology to Measure Retrofit Energy Savings in Commercial Buildings},
    year = {1993},
    booktitle = {Department of Mechanical Engineering, Texas A{\&}M},
    author = {Kissock, John Kelly}
}

@article{Braun2005,
    title = {Development and evaluation of a night ventilation precooling algorithm},
    year = {2005},
    journal = {{HVAC\&R} Research},
    author = {Braun, James E. and Zhong, Zhipeng},
    number = {3},
    pages = {433--458},
    volume = {11},
    publisher = {Amer. Soc. Heating, Ref. Air-Conditoning Eng. Inc},
    address = {Purdue University, West Lafayette, IN, United States},
}

@article{Lam2010,
    title = {Multiple regression models for energy use in air-conditioned office buildings in different climates},
    year = {2010},
    journal = {Energy Conversion and Management},
    author = {Lam, Joseph C. and Wan, Kevin K. W. and Liu, Dalong and Tsang, C. L.},
    number = {12},
    pages = {2692--2697},
    volume = {51},
    isbn = {01968904 (ISSN)},
}

@article{Zhao2010,
    title = {Parallel Support Vector Machines Applied to the Prediction of Multiple Buildings Energy Consumption},
    year = {2010},
    journal = {Journal of Algorithms {\&} Computational Technology},
    author = {Zhao, Hai-xiang and Magoul{\`{e}}s, Frédéric},
    number = {2},
    pages = {231--249},
    volume = {4},
    publisher = {Multi-Science},
}

@article{Li2009a,
    title = {Applying support vector machine to predict hourly cooling load in the building},
    year = {2009},
    journal = {Applied Energy},
    author = {Li, Qiong and Meng, Qinglin and Cai, Jiejin and Yoshino, Hiroshi and Mochida, Akashi},
    number = {10},
    pages = {2249--2256},
    volume = {86},
    isbn = {0306-2619},
}

@inproceedings{Hou2009,
    title = {An application of support vector machines in cooling load prediction},
    year = {2009},
    booktitle = {Intelligent Systems and Applications, 2009. ISA {\ldots}},
    author = {Hou, Z. and Lian, Z.},
    number = {2},
    pages = {1--4},
    volume = {2},
    isbn = {8675526731152},
}

@misc{U.S.DepartmentofEnergy2014,
    title = {http://energy.gov/eere/buildings/new-construction-commercial-reference-buildings},
    year = {2014},
    author = {{U.S. Department of Energy}}
}

@article{Rodger2014,
    title = {A fuzzy nearest neighbor neural network statistical model for predicting demand for natural gas and energy cost savings in public buildings},
    year = {2014},
    journal = {Expert Systems with Applications},
    author = {Rodger, James a.},
    number = {4 PART 2},
    pages = {1813--1829},
    volume = {41},
    isbn = {0957-4174},
}

@misc{Cascia1999,
    title = {Digital Controller for a Cooling and Heating Plant Having Near-Optimal Global Set Point Control Strategy},
    year = {1999},
    author = {Cascia, M. A.},
    publisher = {Google Patents},
}

@article{Kissock1998,
    title = {Ambient-Temperature Regression Analysis for Estimating Retrofit Savings in Commercial Buildings},
    year = {1998},
    journal = {ASME Journal of Solar Energy Engineering},
    author = {Kissock, J. K. and Reddy, T.A. and Claridge, D.E.},
    number = {May 1998},
    pages = {168--176},
    volume = {120},
}

@book{MacDonald1989,
    title = {Investigation of Metered Data Analysis Methods for Commercial and Related Buildings},
    year = {1989},
    booktitle = {Oak Br},
    author = {MacDonald, J.M. and Wasserman, D.M.},
    pages = {CON-279},
    publisher = {Oak Ridge National Laboratory},
}

@article{Asadi2014,
    title = {On the development of multi-linear regression analysis to assess energy consumption in the early stages of building design},
    year = {2014},
    journal = {Energy and Buildings},
    author = {Asadi, Somayeh and Amiri, Shideh Shams and Mottahedi, Mohammad},
    number = {0},
    pages = {246--255},
    volume = {85},
}

@article{Masuda2014,
    title = {Statistical modeling of the building energy balance variable for screening of metered energy use in large commercial buildings},
    year = {2014},
    journal = {Energy and Buildings},
    author = {Masuda, Hiroko and Claridge, David E.},
    pages = {292--303},
    volume = {77},
}

@article{Briggs2003,
    title = {Climate classification for building energy codes and standards},
    year = {2002},
    journal = {Energy},
    author = {Briggs, Robert S. and Lucas, Robert G. and Taylor, Z. Todd},
    pages = {1--34},
    volume = {109},
    publisher = {American Society of Heating, Refrigeration and Air Conditioning Engineers, Inc.},
    address = {Atlanta, United States, Atlanta},
}

@article{Heo2012,
    title = {Gaussian process modeling for measurement and verification of building energy savings},
    year = {2012},
    journal = {Energy and Buildings},
    author = {Heo, Yeonsook and Zavala, Victor M.},
    number = {0},
    pages = {7--18},
    volume = {53},
}

@article{Catalina2013,
    title = {Multiple regression model for fast prediction of the heating energy demand},
    year = {2013},
    journal = {Energy and Buildings},
    author = {Catalina, Tiberiu and Iordache, Vlad and Caracaleanu, Bogdan},
    number = {0},
    pages = {302--312},
    volume = {57},
    isbn = {0378-7788},
}

@article{Srebric2002,
    title = {Simplified numerical models for complex air supply diffusers},
    year = {2002},
    journal = {{HVAC\&R} Research},
    author = {Srebric, Jelena and Chen, Qingyan},
    number = {3},
    pages = {277--294},
    volume = {8},
    publisher = {Taylor {\&} Francis}
}

@article{Mossolly-Ghali-Ghaddar_2009_Energy,
    title = {Optimal Control Strategy for a Multi-Zone Air Conditioning System Using a Genetic Algorithm},
    year = {2009},
    journal = {Energy},
    author = {Mossolly, M. and Ghali, K. and Ghaddar, N.},
    number = {1},
    pages = {58--66},
    volume = {34},
}

@article{Wong2010,
    title = {Artificial neural networks for energy analysis of office buildings with daylighting},
    year = {2010},
    journal = {Applied Energy},
    author = {Wong, S. L. and Wan, Kevin K. W. and Lam, Tony N. T.},
    number = {2},
    pages = {551--557},
    volume = {87},
    isbn = {03062619 (ISSN)},
}

@article{Ke1997OptimizedSystems,
    title = {Optimized Supply-Air Temperature ({SAT}) in Variable-Air-Volume ({VAV}) Systems},
    year = {1997},
    journal = {Energy},
    author = {Ke, Yu-Pei and Mumma, Stanley A.},
    number = {6},
    pages = {601--614},
    volume = {22},
}

@article{Li2011,
    title = {Forecasting building energy consumption using neural networks and hybrid neuro-fuzzy system: A comparative study},
    year = {2011},
    journal = {Energy and Buildings},
    author = {Li, Kangji and Su, Hongye and Chu, Jian},
    number = {10},
    pages = {2893--2899},
    volume = {43},
    isbn = {03787788},
}

@article{Ruch1992,
    title = {A Four-Parameter Change-Point Model for Predicting Energy Consumption in Commercial Buildings},
    year = {1992},
    journal = {Journal of Solar Energy Engineering},
    author = {Ruch, David and Claridge, David E},
    number = {2},
    pages = {77},
    volume = {114},
    publisher = {American Society of Mechanical Engineers},
}

@misc{Kissock1994,
    title = {EModel Software},
    year = {1994},
    booktitle = {Texas A{\&}M University, Energy Systems Laboratory},
    author = {Kissock, J. K. and Xun, W. and Sparks, R. and Claridge, D. E.}
}

@article{Chidiac2011,
    title = {A screening methodology for implementing cost effective energy retrofit measures in Canadian office buildings},
    year = {2011},
    journal = {Energy and Buildings},
    author = {Chidiac, S.E. and Catania, E.J.C. and Morofsky, E. and Foo, S.},
    number = {2-3},
    pages = {614--620},
    volume = {43},
}

@phdthesis{Zhu2005,
    title = {A methodology to pre-screen commercial buildings for potential energy savings using limited information},
    year = {2005},
    author = {Zhu, Yiwen},
    school = {Texas A{\&}M University}
}

@phdthesis{Liu2010,
    title = {Improvements and applications of the methodology for potential energy savings estimation from retro-commissioning/retrofit measures},
    year = {2010},
    author = {Liu, Jingjing},
    school = {Texas A{\&}M University}
}

@phdthesis{Hicks2008,
    title = {Development of a pre-screening methodology to aid in determining potential energy savings in commercial buildings},
    year = {2008},
    author = {Hicks, Dave C.},
    school = {Texas A{\&}M University}
}

@article{Bi2000,
    title = {Advanced controller auto-tuning and its application in {HVAC} systems},
    year = {2000},
    journal = {Control Engineering Practice},
    author = {Bi, Qiang and Cai, Wen-Jian and Wang, Qing-Guo and Hang, Chang-Chieh and Sun, Yong and Liu, Ke-Dian and Zhang, Yong and Zou, Biao},
    number = {6},
    pages = {633--644},
    volume = {8},
}

@article{Huang1997,
    title = {Using genetic algorithms to optimize controller parameters for {HVAC} systems},
    year = {1997},
    journal = {Energy and Buildings},
    author = {Huang, W. and Lam, H.N.},
    number = {3},
    pages = {277--282},
    volume = {26},
}

@article{Mathews2001,
    title = {{HVAC} control strategies to enhance comfort and minimise energy usage},
    year = {2001},
    journal = {Energy and Buildings},
    author = {Mathews, E.H and Botha, C.P and Arndt, D.C and Malan, A},
    number = {8},
    pages = {853--863},
    volume = {33},
}

@article{Kastner2005,
    title = {Communication Systems for Building Automation and Control},
    year = {2005},
    journal = {Proceedings of the IEEE},
    author = {Kastner, W. and Neugschwandtner, G. and Soucek, S. and Newmann, H. M.},
    number = {6},
    pages = {1178--1203},
    volume = {93},
}

@article{Nassif2005,
    title = {Optimization of {HVAC} Control System Strategy Using Two-Objective Genetic Algorithm},
    year = {2005},
    journal = {{HVAC\&R} Research},
    author = {Nassif, Nabil and Kajl, Stanislaw and Sabourin, Robert},
    number = {3},
    pages = {459--486},
    volume = {11},
    isbn = {1078-9669},
    pmid = {17464369}
}

@misc{Seem2002,
    title = {Model based economizer control of an air handling unit},
    year = {2002},
    author = {Seem, J. E.},
    publisher = {Google Patents},
}

@article{KintnerMeyer1995,
    title = {Optimal control of an {HVAC} system using cold storage and building thermal capacitance},
    year = {1995},
    journal = {Energy and Buildings},
    author = {Kintner-Meyer, M. and Emery, A.F.},
    number = {1},
    pages = {19--31},
    volume = {23},
    isbn = {0378-7788},
}

@article{Guo2007,
    title = {A Neural Network Assisted Cascade Control System for Air Handling Unit},
    year = {2007},
    journal = {Industrial Electronics, IEEE Transactions on},
    author = {Guo, Chengyi and Song, Qing and Cai, Wenjian},
    number = {1},
    pages = {620--628},
    volume = {54},
}

@article{Seem1999,
    title = {A New Sequencing Control Strategy for Air-Handling Units},
    year = {1999},
    journal = {{HVAC\&R} Research},
    author = {Seem, John E. and Park, Cheol and House, John M.},
    number = {1},
    pages = {35--58},
    volume = {5},
}

@article{Atthajariyakul2004,
    title = {Real-time determination of optimal indoor-air condition for thermal comfort, air quality and efficient energy usage},
    year = {2004},
    journal = {Energy and Buildings},
    author = {Atthajariyakul, S. and Leephakpreeda, T.},
    number = {7},
    pages = {720--733},
    volume = {36},
}

@article{braun1990,
    title = {Reducing energy costs and peak electrical demand through optimal control of building thermal storage},
    year = {1990},
    journal = {{ASHRAE} transactions},
    author = {Braun, James E.},
    number = {2},
    pages = {876--888},
    volume = {96}
}

@article{Ahn2001,
    title = {Optimal control development for chilled water plants using a quadratic representation},
    year = {2001},
    journal = {Energy and Buildings},
    author = {Ahn, B.C. and Mitchell, J.W.},
    number = {4},
    pages = {371--378},
    volume = {33},
}

@article{XuMin2005,
    title = {Practical Receding-Horizon Optimization Control of the Air Handling Unit in {HVAC} Systems},
    year = {2005},
    journal = {Industrial {\&} Engineering Chemistry Research},
    author = {Xu, Min and Li, Shaoyuan and Cai, Wenjian},
    number = {8},
    pages = {2848--2855},
    volume = {44},
}

@article{XuXinhua2009,
    title = {A model-based optimal ventilation control strategy of multi-zone {VAV} air-conditioning systems},
    year = {2009},
    journal = {Applied Thermal Engineering},
    author = {Xu, Xinhua and Wang, Shengwei and Sun, Zhongwei and Xiao, Fu},
    number = {1},
    pages = {91--104},
    volume = {29},
}

@article{SunZhongwei2011,
    title = {Model-based Optimal Control of Outdoor Air Flow Rate of an Air-Conditioning System with Primary Air-Handling Unit},
    year = {2011},
    journal = {Indoor and Built Environment},
    author = {Sun, Zhongwei and Wang, Shengwei and Zhu, Na},
}

@article{Kusiak2010,
    title = {Cooling output optimization of an air handling unit},
    year = {2010},
    journal = {Applied Energy},
    author = {Kusiak, Andrew and Li, Mingyang},
    number = {3},
    pages = {901--909},
    volume = {87},
}

@article{Kusiak2010ModelingAndOptimization,
    title = {Modeling and optimization of {HVAC} energy consumption},
    year = {2010},
    journal = {Applied Energy},
    author = {Kusiak, Andrew and Li, Mingyang and Tang, Fan},
    number = {10},
    pages = {3092--3102},
    volume = {87},
}

@article{Kusiak2011OptimizationOfAnHVACSystemWithAStrength,
    title = {Optimization of an {HVAC} system with a strength multi-objective particle-swarm algorithm},
    year = {2011},
    journal = {Energy},
    author = {Kusiak, Andrew and Xu, Guanglin and Tang, Fan},
    number = {10},
    pages = {5935--5943},
    volume = {36},
}

@article{WeiXiupeng2015,
    title = {Multi-objective optimization of the {HVAC} (heating, ventilation, and air conditioning) system performance},
    year = {2015},
    journal = {Energy},
    author = {Wei, Xiupeng and Kusiak, Andrew and Li, Mingyang and Tang, Fan and Zeng, Yaohui},
    pages = {294--306},
    volume = {83},
}

@article{WeiXiupeng2014ModelingAndOptimizationOfAChillerPlant,
    title = {Modeling and optimization of a chiller plant},
    year = {2014},
    journal = {Energy},
    author = {Wei, Xiupeng and Xu, Guanglin and Kusiak, Andrew},
    pages = {898--907},
    volume = {73},
}

@article{Kusiak2014MinimizationOfEnergyConsumptionInHVAC,
    title = {Minimization of energy consumption in {HVAC} systems with data-driven models and an interior-point method},
    year = {2014},
    journal = {Energy Conversion and Management},
    author = {Kusiak, Andrew and Xu, Guanglin and Zhang, Zijun},
    pages = {146--153},
    volume = {85},
}

@article{HeXiaofei2014,
    title = {Performance optimization of {HVAC} systems with computational intelligence algorithms},
    year = {2014},
    journal = {Energy and Buildings},
    author = {He, Xiaofei and Zhang, Zijun and Kusiak, Andrew},
    pages = {371--380},
    volume = {81},
}

@article{Kusiak2013MinimizingEnergyConsumption,
    title = {Minimizing energy consumption of an air handling unit with a computational intelligence approach},
    year = {2013},
    journal = {Energy and Buildings},
    author = {Kusiak, Andrew and Zeng, Yaohui and Xu, Guanglin},
    pages = {355--363},
    volume = {60},
}

@article{Eto1988,
    title = {On using degree-days to account for the effects of weather on annual energy use in office buildings},
    year = {1988},
    journal = {Energy and Buildings},
    author = {Eto, Joseph H.},
    number = {2},
    pages = {113--127},
    volume = {12},
    publisher = {Elsevier},
    isbn = {0378-7788},
}

@article{Cui2004,
    title = {Optimal Airflow Control of Laboratory Air Handling Unit ({LAHU}) Systems},
    year = {2004},
    journal = {Journal of Solar Energy Engineering},
    author = {Cui, Yujie and Liu, Mingsheng and Conger, Kirk},
    number = {2},
    pages = {750--758},
    volume = {126},
    publisher = {ASME},
}

@article{Kusiak2012ModelingAndOptimizationOfHVAC,
    title = {Modeling and optimization of {HVAC} systems using a dynamic neural network},
    year = {2012},
    journal = {Energy},
    author = {Kusiak, Andrew and Xu, Guanglin},
    number = {1},
    pages = {241--250},
    volume = {42},
}

@article{Kusiak2011MultiObjective,
    title = {Multi-objective optimization of {HVAC} system with an evolutionary computation algorithm},
    year = {2011},
    journal = {Energy},
    author = {Kusiak, Andrew and Tang, Fan and Xu, Guanglin},
    number = {5},
    pages = {2440--2449},
    volume = {36},
}

@article{LuLu2005Part1,
    title = {Global optimization for overall {HVAC} systems--{Part I} problem formulation and analysis},
    year = {2005},
    journal = {Energy Conversion and Management},
    author = {Lu, Lu and Cai, Wenjian and Chai, Yeng Soh and Xie, Lihua},
    number = {7-8},
    pages = {999--1014},
    volume = {46},
}

@article{LuLu2005Part2,
    title = {Global optimization for overall {HVAC} systems--{Part II} problem solution and simulations},
    year = {2005},
    journal = {Energy Conversion and Management},
    author = {Lu, Lu and Cai, Wenjian and Soh, Yeng Chai and Xie, Lihua},
    number = {7-8},
    pages = {1015--1028},
    volume = {46},
}

@article{LuLu2005HVACSystemOptimization,
    title = {{HVAC} system optimization---in-building section},
    year = {2005},
    journal = {Energy and Buildings},
    author = {Lu, Lu and Cai, Wenjian and Xie, Lihua and Li, Shujiang and Soh, Yeng Chai},
    number = {1},
    pages = {11--22},
    volume = {37},
}

@article{LuLu2004,
    title = {{HVAC} system optimization---condenser water loop},
    year = {2004},
    journal = {Energy Conversion and Management},
    author = {Lu, Lu and Cai, Wenjian and Soh, Yeng Chai and Xie, Lihua and Li, Shujiang},
    number = {4},
    pages = {613--630},
    volume = {45},
}

@article{Zheng1996,
    title = {Optimization of thermal processes in a variable air volume {HVAC} system},
    year = {1996},
    journal = {Energy},
    author = {Zheng, G.R. and Zaheer-Uddin, M.},
    number = {5},
    pages = {407--420},
    volume = {21},
}

@article{Engdahl2004,
    title = {Optimal supply air temperature with respect to energy use in a variable air volume system},
    year = {2004},
    journal = {Energy and Buildings},
    author = {Engdahl, Fredrik and Johansson, Dennis},
    number = {3},
    pages = {205--218},
    volume = {36},
}

@article{Wang2012AirCycles,
    title = {Air handling unit supply air temperature optimal control during economizer cycles},
    year = {2012},
    journal = {Energy and Buildings},
    author = {Wang, Gang and Song, Li},
    pages = {310--316},
    volume = {49},
}

@article{Huh2008,
    title = {Optimization of air-conditioning system operating strategies for hot and humid climates},
    year = {2008},
    journal = {Energy and Buildings},
    author = {Huh, Jung-Ho and Brandemuehl, Michael J.},
    number = {7},
    pages = {1202--1213},
    volume = {40},
}

@article{Mumma1997EnergyControl,
    title = {Energy optimized-ventilation constrained variable air volume system control},
    year = {1997},
    journal = {Automation in Construction},
    author = {Mumma, S.A. and Bolin, R.J.},
    number = {5-6},
    pages = {463--470},
    volume = {6},
}

@article{Parameshwaran2010EnergyAlgorithm,
    title = {Energy conservative building air conditioning system controlled and optimized using fuzzy-genetic algorithm},
    year = {2010},
    journal = {Energy and Buildings},
    author = {Parameshwaran, R. and Karunakaran, R. and Kumar, C. Vinu Raja and Iniyan, S.},
    number = {5},
    pages = {745--762},
    volume = {42},
}

@article{Kusiak2010ReheatBox,
    title = {Reheat optimization of the variable-air-volume box},
    year = {2010},
    journal = {Energy},
    author = {Kusiak, Andrew and Li, Mingyang},
    number = {5},
    pages = {1997--2005},
    volume = {35},
}

@article{Fong2006HVACProgramming,
    title = {{HVAC} system optimization for energy management by evolutionary programming},
    year = {2006},
    journal = {Energy and Buildings},
    author = {Fong, K.F. and Hanby, V.I. and Chow, T.T.},
    number = {3},
    pages = {220--231},
    volume = {38},
}

@article{Lee2015,
    author = {Lee, Young M. and Horesh, Raya and Liberti, Leo},
    journal = {Energy Procedia},
    pages = {2106--2111},
    title = {Optimal {HVAC} Control as Demand Response with On-site Energy Storage and Generation System},
    volume = {78},
    year = {2015}
}

@article{Ning2010Neuro-optimalSystem,
    title = {Neuro-optimal operation of a variable air volume {HVAC\&R} system},
    year = {2010},
    journal = {Applied Thermal Engineering},
    author = {Ning, Min and Zaheeruddin, M.},
    number = {5},
    pages = {385--399},
    volume = {30},
}

@article{Yuan2006Multiple-zoneStrategy,
    title = {Multiple-zone ventilation and temperature control of a single-duct {VAV} system using model predictive strategy},
    year = {2006},
    journal = {Energy and Buildings},
    author = {Yuan, Shui and Perez, Ronald},
    number = {10},
    pages = {1248--1261},
    volume = {38},
}

@article{Jin2005Prediction-basedSystems,
    title = {Prediction-based online optimal control of outdoor air of multi-zone {VAV} air conditioning systems},
    year = {2005},
    journal = {Energy and Buildings},
    author = {Jin, Xinqiao and Ren, Haigang and Xiao, Xiaokun},
    number = {9},
    pages = {939--944},
    volume = {37},
}

@article{Gruber2014AlternativeBuildings,
    title = {Alternative strategies for supply air temperature control in office buildings},
    year = {2014},
    journal = {Energy and Buildings},
    author = {Gruber, Mattias and Tr{\"{u}}schel, Anders and Dalenb{\"{a}}ck, Jan-Olof},
    pages = {406--415},
    volume = {82},
}

@article{Cho2009Single-ductOptimization,
    title = {Single-duct constant volume system optimization},
    year = {2009},
    journal = {Energy and Buildings},
    author = {Cho, Young-Hum and Liu, Mingsheng},
    number = {8},
    pages = {856--862},
    volume = {41},
}

@article{Congradac2009HVACAlgorithms,
    title = {{{HVAC}} system optimization with {CO\(_{2}\)} concentration control using genetic algorithms},
    year = {2009},
    journal = {Energy and Buildings},
    author = {Congradac, Velimir and Kulic, Filip},
    number = {5},
    pages = {571--577},
    volume = {41},
}

@article{Freire2008PredictiveSavings,
    title = {Predictive controllers for thermal comfort optimization and energy savings},
    year = {2008},
    journal = {Energy and Buildings},
    author = {Freire, Roberto Z. and Oliveira, Gustavo H.C. and Mendes, Nathan},
    number = {7},
    pages = {1353--1365},
    volume = {40},
}

@article{Yu2008OptimizingChillers,
    title = {Optimizing condenser fan control for air-cooled centrifugal chillers},
    year = {2008},
    journal = {International Journal of Thermal Sciences},
    author = {Yu, F.W. and Chan, K.T.},
    number = {7},
    pages = {942--953},
    volume = {47},
}

@article{Riachi2014NumericalBuses,
    title = {A Numerical Model for Simulating Thermal Comfort Prediction in Public Transportation Buses},
    year = {2014},
    journal = {International Journal of Environmental Protection and Policy},
    author = {Riachi, Youssef and Clodic, Denis},
    number = {1},
    pages = {1--8},
    volume = {2},
}

@article{Cheong2003,
    title = {Thermal comfort study of an air-conditioned lecture theatre in the tropics},
    year = {2003},
    journal = {Building and Environment},
    author = {Cheong, K.W.D. and Djunaedy, E. and Chua, Y.L. and Tham, K.W. and Sekhar, S.C. and Wong, N.H. and Ullah, M.B.},
    number = {1},
    pages = {63--73},
    volume = {38},
}

@inproceedings{Kajiya2011,
    title = {Thermal Environment Prediction Using CFD with a Virtual Mannequin Model and Experiment with Subject in a Floor Heating Room},
    year = {2011},
    booktitle = {12th Conference of International Building Performance Simulation},
    author = {Kajiya, Ryoichi and Hiruta, Kodai and Sakai, Koji and Ono, Hiroki and Sudo, Toshihiko},
    pages = {1670--1677},
    address = {Sydney}
}

@article{Noh2007,
    title = {Thermal comfort and indoor air quality in the lecture room with 4-way cassette air-conditioner and mixing ventilation system},
    year = {2007},
    journal = {Building and Environment},
    author = {Noh, Kwang-Chul and Jang, Jae-Soo and Oh, Myung-Do},
    number = {2},
    pages = {689--698},
    volume = {42},
}

@article{Kwong2009,
    title = {Thermal Comfort Evaluation of the Enclosed Transitional Space in Tropical Buildings: Subjective Response and Computational Fluid Dynamics Simulation},
    year = {2009},
    journal = {Journal of Applied Sciences},
    author = {Kwong, Q.J. and Tang, S.H. and Adam, N.M.},
    number = {19},
    pages = {3480--3490},
    volume = {9}
}

@article{Stamou2008,
    title = {Evaluation of thermal comfort in Galatsi Arena of the Olympics “Athens 2004” using a CFD model},
    year = {2008},
    journal = {Applied Thermal Engineering},
    author = {Stamou, Anastasios I. and Katsiris, Ioannis and Schaelin, Alois},
    number = {10},
    pages = {1206--1215},
    volume = {28},
}

@article{Luo2014,
    title = {Evaluating thermal comfort in mixed-mode buildings: A field study in a subtropical climate},
    year = {2014},
    journal = {Building and Environment},
    author = {Luo, Maohui and Cao, Bin and Damiens, Jérôme and Lin, Borong and Zhu, Yingxin},
    pages = {46--54},
    volume = {88},
}

@article{Taylor2012,
    title = {Dual maximum {VAV} box control logic},
    year = {2012},
    journal = {{ASHRAE} Journal},
    author = {Taylor, Steven T. and Stein, Jeff and Paliaga, Gwelen and Cheng, Hwakong},
    number = {12},
    pages = {16--24},
    volume = {54},
}

@article{Simone2013,
    title = {Thermal comfort in commercial kitchens (RP-1469): Procedure and physical measurements ({Part} 1)},
    year = {2013},
    journal = {{HVAC\&R} Research},
    author = {Simone, Angela and Olesen, Bjarne W. and Stoops, John L. and Watkins, Amber W.},
    number = {8},
    pages = {1001--1015},
    volume = {19},
    publisher = {Taylor {\&} Francis},
}

@techreport{Chen2001,
    title = {Simplified diffuser boundary conditions for numerical room airflow models},
    year = {2001},
    booktitle = {{ASHRAE} RP-1009},
    author = {Chen, Qingyan and Srebric, Jelena},
}

@techreport{Nielsen1989,
    title = {Representation of boundary conditions at supply openings},
    year = {1989},
    author = {Nielsen, Peter Vilhelm},
    institution = {Aalborg Dept. of Building Technology and Structural Engineering}
}

@techreport{Nielsen1991,
    title = {The description of supply openings in numerical models for room air distribution},
    year = {1991},
    author = {Nielsen, Peter Vilhelm},
    institution = {Aalborg Dept. of Building Technology and Structural Engineering}
}

@article{Luo2004,
    title = {Simulation of air flow in the IEA Annex 20 test room—validation of a simplified model for the nozzle diffuser in isothermal test cases},
    year = {2004},
    journal = {Building and Environment},
    author = {Luo, S. and Heikkinen, J. and Roux, Bernard},
    number = {12},
    pages = {1403--1415},
    volume = {39},
}

@techreport{Svidt1994,
    title = {Investigation of inlet boundary conditions for numerical prediction of air flow in livestock buildings},
    year = {1994},
    author = {Svidt, Kjeld},
    institution = {Aalborg Dept. of Building Technology and Structural Engineering}
}

@techreport{Skovgaard1991,
    title = {Modelling complex inlet geometries in CFD},
    year = {1991},
    author = {Skovgaard, M. and Nielsen, Peter Vilhelm},
    institution = {Aalborg Dept. of Building Technology and Structural Engineering}
}

@inproceedings{Goyal2011,
    title = {A Method for model-reduction of nonlinear building thermal dynamics},
    year = {2011},
    booktitle = {American Control Conference (ACC), 2011},
    author = {Goyal, S. and Barooah, P.},
    pages = {2077--2082},
    isbn = {0743-1619 VO -},
}

@book{Bourdouxhe1998,
    title = {Reference Guide for Dynamic Models of {HVAC} Equipment},
    year = {1998},
    author = {Bourdouxhe, Jean-Pascal and Grodent, Marc and Lebrun, Jean},
    publisher = {American Society of Heating, Refrigerating, and Air-Conditioning Engineers}
}

@techreport{CenterfortheBuiltEnvironment2013,
    title = {Effects of Diffuser Airflow Minima on Occupant Comfort, Air Mixing, and Building Energy Use (RP-1515)},
    year = {2013},
    author = {{Center for the Built Environment} and {Taylor Engineering} and Industries, Price},
    institution = {{ASHRAE}}
}

@article{Aswani2012,
    title = {Reducing transient and steady state electricity consumption {HVAC} in using learning-based model-predictive control},
    year = {2012},
    journal = {Proceedings of the IEEE},
    author = {Aswani, Anil and Master, Neal and Taneja, Jay and Culler, David and Tomlin, Claire},
    number = {1},
    pages = {240--253},
    volume = {100},
    publisher = {IEEE},
}

@article{Mendell2009,
    title = {Indoor thermal factors and symptoms in office workers: findings from the US EPA BASE study},
    year = {2009},
    journal = {Indoor Air},
    author = {Mendell, M. J. and Mirer, A. G.},
    number = {4},
    pages = {291--302},
    volume = {19},
    publisher = {Blackwell Publishing Ltd},
}

@inproceedings{Ewert1991,
    title = {Definition of the Flow Parameters at the Room Inlet Device - Measurements and Calculations -},
    year = {1991},
    booktitle = {12th AIVC Conference},
    author = {Ewert, M. and Renz, U. and Vogl, N. and Zeller, M.},
    pages = {231--237}
}

@inproceedings{Huo1996,
    title = {A New Method to Describe the Diffuser Boundary Conditions in CFD Simulation},
    year = {1996},
    booktitle = {5th International Conference on Air Distribution in Rooms, ROOMVENT},
    author = {Huo, Yan and Zhang, Jianshun and Shaw, Chiayu and Haghighat, Fariborz},
    pages = {233--240}
}

@techreport{Lemaire1993,
    title = {Room air and contaminant flow, evaluation of computational methods, subtask-1 Summary Report},
    year = {1993},
    booktitle = {IEA Annex 20: Air Flow Patterns within Buildings},
    author = {Lemaire, A.D. and Chen, Q. and Ewert, M. and Heikkinen, Jorma and Inard, C. and Moser, A. and Nielsen, Peter V. and Whittle, G.},
    pages = {82},
}

@article{Paulus2015,
    title = {Algorithm for automating the selection of a temperature dependent change point model},
    year = {2015},
    journal = {Energy and Buildings},
    author = {Paulus, Mitchell T. and Claridge, David E. and Culp, Charles},
    pages = {95--104},
    volume = {87},
}

@book{ANSYS2013,
    title = {ANSYS Mechanical User's Guide},
    year = {2013},
    author = {{ANSYS}}
}

@article{Srebric2001,
    title = {A method of test to obtain diffuser data for CFD modeling of room airflow},
    year = {2001},
    journal = {{ASHRAE} Transactions},
    author = {Srebric, Jelena and Chen, Qingyan},
    number = {2},
    pages = {108--116},
    volume = {107},
}

@article{Djongyang2010,
    title = {Thermal comfort: A review paper},
    year = {2010},
    journal = {Renewable and Sustainable Energy Reviews},
    author = {Djongyang, Noël and Tchinda, René and Njomo, Donatien},
    number = {9},
    pages = {2626--2640},
    volume = {14},
    isbn = {1364-0321},
}

@article{Arens1998,
    title = {A study of occupant cooling by personally controlled air movement},
    year = {1998},
    journal = {Energy and Buildings},
    author = {Arens, Edward and Xu, Tengfang and Miura, Katsuhiro and Hui, Zhang and Fountain, Marc and Bauman, Fred},
    number = {1},
    pages = {45--59},
    volume = {27},
}

@techreport{Charles2003,
    title = {Fanger's thermal comfort and draught models},
    year = {2003},
    booktitle = {Institute for Research in Construction National Research Council of Canada, Ottawa, K1A 0R6, Canada IRC Research Report RR-162},
    author = {Charles, K.E.}
}

@article{Fountain1994,
    title = {Locally controlled air movement preferred in warm isothermal environments},
    year = {1994},
    journal = {{ASHRAE} Transactions},
    author = {Fountain, Marc and Bauman, Fred and Arens, Edward and Miura, Katsuhiro and de Dear, Richard},
    number = {2},
    pages = {937--952},
    volume = {100},
    isbn = {00012505 (ISSN)},
}

@article{Kubo1997,
    title = {Cooling effects of preferred air velocity in muggy conditions},
    year = {1997},
    journal = {Building and Environment},
    author = {Kubo, Hiroko and Isoda, Norio and Enomoto-Koshimizu, Hikaru},
    number = {3},
    pages = {211--218},
    volume = {32},
}

@article{Candido2010,
    title = {Air movement acceptability limits and thermal comfort in Brazil's hot humid climate zone},
    year = {2010},
    journal = {Building and Environment},
    author = {C{\^{a}}ndido, C. and de Dear, R.J. and Lamberts, R. and Bittencourt, L.},
    number = {1},
    pages = {222--229},
    volume = {45},
}

@article{Cheng2012,
    title = {Thermal comfort models: A review and numerical investigation},
    year = {2012},
    journal = {Building and Environment},
    author = {Cheng, Yuanda and Niu, Jianlei and Gao, Naiping},
    pages = {13--22},
    volume = {47},
}

@article{Taleghani2013,
    title = {A review into thermal comfort in buildings},
    year = {2013},
    journal = {Renewable and Sustainable Energy Reviews},
    author = {Taleghani, Mohammad and Tenpierik, Martin and Kurvers, Stanley and van den Dobbelsteen, Andy},
    pages = {201--215},
    volume = {26},
}

@article{Yang2014,
    title = {Thermal comfort and building energy consumption implications -- A review},
    year = {2014},
    journal = {Applied Energy},
    author = {Yang, Liu and Yan, Haiyan and Lam, Joseph C.},
    pages = {164--173},
    volume = {115},
}

@article{Carlucci2012,
    title = {A review of indices for the long-term evaluation of the general thermal comfort conditions in buildings},
    year = {2012},
    journal = {Energy and Buildings},
    author = {Carlucci, Salvatore and Pagliano, Lorenzo},
    pages = {194--205},
    volume = {53},
}

@article{Rupp2015,
    title = {A review of human thermal comfort in the built environment},
    year = {2015},
    journal = {Energy and Buildings},
    author = {Rupp, Ricardo Forgiarini and V{\'{a}}squez, Natalia Giraldo and Lamberts, Roberto},
    pages = {178--205},
    volume = {105},
}

@article{Kwong2014,
    title = {Thermal comfort assessment and potential for energy efficiency enhancement in modern tropical buildings: A review},
    year = {2014},
    journal = {Energy and Buildings},
    author = {Kwong, Qi Jie and Adam, Nor Mariah and Sahari, B.B.},
    pages = {547--557},
    volume = {68},
}

@article{DeDear2013,
    title = {Progress in thermal comfort research over the last twenty years},
    year = {2013},
    journal = {Indoor Air},
    author = {De Dear, R. J. and Akimoto, T. and Arens, E. a. and Brager, G. and Candido, C. and Cheong, K. W. D. and Li, B. and Nishihara, N. and Sekhar, S. C. and Tanabe, S. and Toftum, J. and Zhang, H. and Zhu, Y.},
    number = {6},
    pages = {442--461},
    volume = {23},
    isbn = {0905-6947},
    pmid = {23590514},
}

@phdthesis{Williams2015,
    title = {STRATEGIES FOR IMPROVED MICROGRID SYSTEM SELECTION FOR THE Electrification of Rural Areas},
    year = {2015},
    author = {Williams, Jada Bennette},
    number = {August},
    school = {University of Dayton}
}

@article{Gangisetti2015,
    title = {Influence of reduced {VAV} flow settings on indoor thermal comfort in an office space},
    year = {2015},
    journal = {Building Simulation},
    author = {Gangisetti, Kavita and Claridge, David E. and Srebric, Jelena and Paulus, Mitchell T.},
    number = {1},
    pages = {101--111},
    volume = {9},
    isbn = {1227301502},
}

@article{Li2015,
    title = {Simulation and experimental demonstration of model predictive control in a building {HVAC} system},
    year = {2015},
    journal = {Science and Technology for the Built Environment},
    author = {Li, Pengfei and Vrabie, Draguna and Li, Dapeng and Bengea, Sorin C. and Mijanovic, Stevo and O’Neill, Zheng D.},
    number = {6},
    pages = {721--732},
    volume = {21},
}

@inproceedings{Li2009b,
    title = {Building Cooling Load Forecasting Model Based on LS-SVM},
    year = {2009},
    booktitle = {Asia-Pacific Conference on Information Processing},
    author = {Xuemei, Li Xuemei Li and Jin-hu, Lu Jin-hu Lu and Lixing, Ding Lixing Ding and Gang, Xu Gang Xu and Jibin, Li Jibin Li},
    pages = {55--58},
    volume = {1},
    isbn = {978-0-7695-3699-6},
}

@article{Hu2015,
    title = {A statistical training data cleaning strategy for the PCA-based chiller sensor fault detection, diagnosis and data reconstruction method},
    year = {2016},
    journal = {Energy and Buildings},
    author = {Hu, Yunpeng and Chen, Huanxin and Li, Guannan and Li, Haorong and Xu, Rongji and Li, Jiong},
    pages = {270--278},
    volume = {112},
}

@article{Lerman1980,
    title = {Fitting Segmented Regression Models by Grid Search},
    year = {1980},
    journal = {Applied Statistics},
    author = {Lerman, P. M.},
    number = {1},
    pages = {77--84},
    volume = {29},
    pmid = {475},
}

@techreport{Kissock2002a,
    title = {{ASHRAE} Research Project 1050-RP Final Report},
    year = {2002},
    author = {Kissock, J.K. and Haberl, Jeff S. and Claridge, David E.}
}

@article{Hinkley1969,
    title = {Inference about the Intersection in Two-Phase Regression},
    year = {1969},
    journal = {Biometrika},
    author = {Hinkley, D. V.},
    number = {3},
    pages = {495--504},
    volume = {56},
    isbn = {00063444},
    pmid = {477}
}

@article{Hammarsten1987,
    title = {A critical appraisal of energy-signature models},
    year = {1987},
    journal = {Applied Energy},
    author = {Hammarsten, Stig},
    number = {2},
    pages = {97--110},
    volume = {26},
}

@article{Hudson1966,
    title = {Fitting Segmented Curves Whose Join Points Have to be Estimated},
    year = {1966},
    journal = {Journal of the American Statistical Association},
    author = {Hudson, Derek J},
    number = {316},
    pages = {1097--1129},
    volume = {61}
}

@book{SASInstituteInc.2011,
    title = {SAS/STAT 9.3 User's Guide},
    year = {2011},
    author = {{SAS Institute Inc.}},
    publisher = {SAS Institute Inc.},
    address = {Cary, NC}
}

@article{KellyKissock2008,
    title = {Measuring industrial energy savings},
    year = {2008},
    journal = {Applied Energy},
    author = {Kissock, J.K. and Eger, Carl},
    number = {5},
    pages = {347--361},
    volume = {85},
}

@article{Kim2015,
    title = {Development of methodology for calibrated simulation in single-family residential buildings using three-parameter change-point regression model},
    year = {2015},
    journal = {Energy and Buildings},
    author = {Kim, Kee Han and Haberl, Jeff S.},
    pages = {140--152},
    volume = {99},
}

@article{Stram1986,
    title = {The applicability of PRISM to electric heating and cooling},
    year = {1986},
    journal = {Energy and Buildings},
    author = {Stram, Daniel O. and Fels, Margaret F.},
    number = {1-2},
    pages = {101--110},
    volume = {9},
}

@article{Flouquet1992,
    title = {Local weather correlations and bias in building parameter estimates from energy-signature models},
    year = {1992},
    journal = {Energy and Buildings},
    author = {Flouquet, F.},
    number = {2},
    pages = {113--123},
    volume = {19},
}

@article{Fels1986b,
    title = {Using the scorekeeping approach to monitor aggregate energy conservation},
    year = {1986},
    journal = {Energy and Buildings},
    author = {Fels, Margaret F. and Goldberg, Miriam L.},
    number = {1-2},
    pages = {161--168},
    volume = {9},
}

@misc{ASHRAE2014,
    title = {Guideline 14-2014, Measurement of energy and demand savings},
    year = {2014},
    author = {{ASHRAE}},
    publisher = {{ASHRAE}},
    address = {Atlanta, GA}
}

@inproceedings{Abushakra2008,
    title = {Modeling Office Building Occupancy in Hourly Data-Driven and Detailed Energy Simulation Programs},
    year = {2008},
    booktitle = {{ASHRAE} Transactions},
    author = {Abushakra, Bass and Claridge, David E},
    pages = {472--481},
    series = {{ASHRAE} Transactions},
    volume = {114},
}

@article{Chen2015,
    title = {Modeling regular occupancy in commercial buildings using stochastic models},
    year = {2015},
    journal = {Energy and Buildings},
    author = {Chen, Zhenghua and Xu, Jinming and Soh, Yeng Chai},
    pages = {216--223},
    volume = {103},
}

@article{Diraco2015,
    title = {People occupancy detection and profiling with 3D depth sensors for building energy management},
    year = {2015},
    journal = {Energy and Buildings},
    author = {Diraco, Giovanni and Leone, Alessandro and Siciliano, Pietro},
    pages = {246--266},
    volume = {92},
}

@article{Page2008,
    title = {A generalised stochastic model for the simulation of occupant presence},
    year = {2008},
    journal = {Energy and Buildings},
    author = {Page, J. and Robinson, D. and Morel, N. and Scartezzini, J.-L.},
    number = {2},
    pages = {83--98},
    volume = {40},
    isbn = {0378-7788},
}

@article{Dodier2006,
    title = {Building occupancy detection through sensor belief networks},
    year = {2006},
    journal = {Energy and Buildings},
    author = {Dodier, Robert H. and Henze, Gregor P. and Tiller, Dale K. and Guo, Xin},
    number = {9},
    pages = {1033--1043},
    volume = {38},
    isbn = {0378-7788},
}

@article{Richardson2008,
    title = {A high-resolution domestic building occupancy model for energy demand simulations},
    year = {2008},
    journal = {Energy and Buildings},
    author = {Richardson, Ian and Thomson, Murray and Infield, David},
    number = {8},
    pages = {1560--1566},
    volume = {40},
    isbn = {03787788},
}

@article{Wang2005,
    title = {Modeling occupancy in single person offices},
    year = {2005},
    journal = {Energy and Buildings},
    author = {Wang, Danni and Federspiel, Clifford C. and Rubinstein, Francis},
    number = {2},
    pages = {121--126},
    volume = {37},
    isbn = {0378-7788},
}

@article{Azar2012,
    title = {A comprehensive analysis of the impact of occupancy parameters in energy simulation of office buildings},
    year = {2012},
    journal = {Energy and Buildings},
    author = {Azar, Elie and Menassa, Carol C.},
    pages = {841--853},
    volume = {55},
    isbn = {0378-7788},
}

@article{Oldewurtel2013,
    title = {Importance of occupancy information for building climate control},
    year = {2013},
    journal = {Applied Energy},
    author = {Oldewurtel, Frauke and Sturzenegger, David and Morari, Manfred},
    number = {SI},
    pages = {521--532},
    volume = {101},
    isbn = {0306-2619},
}

@article{Yun2012,
    title = {Effects of occupancy and lighting use patterns on lighting energy consumption},
    year = {2012},
    journal = {Energy and Buildings},
    author = {Yun, Geun Young and Kim, Hyoin and Kim, Jeong Tai},
    number = {SI},
    pages = {152--158},
    volume = {46},
    isbn = {03787788 (ISSN)},
}

@article{Wang2011a,
    title = {A novel approach for building occupancy simulation},
    year = {2011},
    journal = {Building Simulation},
    author = {Wang, Chuang and Yan, Da and Jiang, Yi},
    number = {2},
    pages = {149--167},
    volume = {4},
    isbn = {1996-3599},
}

@article{Kwok2011,
    title = {An intelligent approach to assessing the effect of building occupancy on building cooling load prediction},
    year = {2011},
    journal = {Building and Environment},
    author = {Kwok, Simon S.K. and Yuen, Richard K.K. and Lee, Eric W.M.},
    number = {8},
    pages = {1681--1690},
    volume = {46},
    isbn = {03601323},
}

@article{Duarte2013,
    title = {Revealing occupancy patterns in an office building through the use of occupancy sensor data},
    year = {2013},
    journal = {Energy and Buildings},
    author = {Duarte, Carlos and Van Den Wymelenberg, Kevin and Rieger, Craig},
    pages = {587--595},
    volume = {67},
    isbn = {0378-7788},
}

@article{Sun2014,
    title = {Stochastic modeling of overtime occupancy and its application in building energy simulation and calibration},
    year = {2014},
    journal = {Building and Environment},
    author = {Sun, Kaiyu and Yan, Da and Hong, Tianzhen and Guo, Siyue},
    pages = {1--12},
    volume = {79},
    isbn = {0360-1323},
    pmid = {96243270},
}

@article{ISI:000349732100036,
    title = {Occupancy schedules learning process through a data mining framework},
    year = {2015},
    journal = {Energy and Buildings},
    author = {D'Oca, Simona and Hong, Tianzhen},
    pages = {395--408},
    volume = {88},
    isbn = {0378-7788},
}

@article{Mahdavi2015,
    title = {Predicting people's presence in buildings: An empirically based model performance analysis},
    year = {2015},
    journal = {Energy and Buildings},
    author = {Mahdavi, Ardeshir and Tahmasebi, Farhang},
    pages = {349--355},
    volume = {86},
}

@article{Martinaitis2015,
    title = {Importance of occupancy information when simulating energy demand of energy efficient house: A case study},
    year = {2015},
    journal = {Energy and Buildings},
    author = {Martinaitis, Vytautas and Zavadskas, Edmundas Kazimieras and Motuzien{\.{e}}, Violeta and Vilutien{\.{e}}, Tatjana},
    pages = {64--75},
    volume = {101},
}

@article{Ioannou2015,
    title = {Energy performance and comfort in residential buildings: Sensitivity for building parameters and occupancy},
    year = {2015},
    journal = {Energy and Buildings},
    author = {Ioannou, A. and Itard, L.C.M.},
    pages = {216--233},
    volume = {92},
    isbn = {978-3-00-047160-5},
}

@article{ISI:000361583900008,
    title = {Development of an occupancy learning algorithm for terminal heating and cooling units},
    year = {2015},
    journal = {Building and Environment},
    author = {Burak Gunay, H. and O'Brien, William and Beausoleil-Morrison, Ian},
    number = {2},
    pages = {71--85},
    volume = {93},
}

@article{Cali2015,
    title = {CO$_2$ based occupancy detection algorithm: Experimental analysis and validation for office and residential buildings},
    year = {2015},
    journal = {Building and Environment},
    author = {Cal{\`{i}}, Davide and Matthes, Peter and Huchtemann, Kristian and Streblow, Rita and M{\"{u}}ller, Dirk},
    pages = {39--49},
    volume = {86},
}

@article{Gruber2014,
    title = {CO$_2$ sensors for occupancy estimations: Potential in building automation applications},
    year = {2014},
    journal = {Energy and Buildings},
    author = {Gruber, Mattias and Tr{\"{u}}schel, Anders and Dalenb{\"{a}}ck, Jan-Olof},
    pages = {548--556},
    volume = {84},
}

@article{Feng2015,
    title = {Simulation of occupancy in buildings},
    year = {2015},
    journal = {Energy and Buildings},
    author = {Feng, Xiaohang and Yan, Da and Hong, Tianzhen},
    pages = {348--359},
    volume = {87},
}

@article{DOca2015,
    title = {Occupancy schedules learning process through a data mining framework},
    year = {2015},
    journal = {Energy and Buildings},
    author = {D'Oca, Simona and Hong, Tianzhen},
    pages = {395--408},
    volume = {88},
    publisher = {Elsevier B.V.},
    isbn = {0378-7788},
}

@article{Gunay2015,
    title = {Development of an occupancy learning algorithm for terminal heating and cooling units},
    year = {2015},
    journal = {Building and Environment},
    author = {Gunay, Huseyin Burak and O'Brien, William and Beausoleil-Morrison, Ian},
    pages = {71--85},
    volume = {93},
    publisher = {Elsevier Ltd},
}

@article{Adamopoulou2015,
    title = {A context-aware method for building occupancy prediction},
    year = {2016},
    journal = {Energy and Buildings},
    author = {Adamopoulou, Anna A. and Tryferidis, Athanasios M. and Tzovaras, Dimitrios K.},
    pages = {229--244},
    volume = {110},
}

@article{Singh2013,
    title = {Predicting Annual Energy Use in Buildings Using Short-Term Monitoring and Utility Bills: The Hybrid Inverse Model Using Daily Data (HIM-D)},
    year = {2013},
    journal = {{ASHRAE} Transactions},
    author = {Singh, Vipul and Reddy, T. A. and Abushakra, Bass},
    number = {2},
    pages = {169--180},
    volume = {119},
    publisher = {{ASHRAE}},
}

@article{Fanger1988,
    title = {Air turbulence and sensation of draught},
    year = {1988},
    journal = {Energy and Buildings},
    author = {Fanger, P. O. and Melikov, A. K. and Hanzawa, H. and Ring, J},
    number = {1},
    pages = {21--39},
    volume = {12},
    publisher = {Elsevier}
}

@phdthesis{Paulus2012,
    title = {Measurement, Modeling, Analysis and Reporting Protocols for Short-Term Monitoring and Verification of Whole Building Energy Performance},
    year = {2012},
    booktitle = {{ASHRAE}},
    author = {Paulus, Mitchell T.},
    school = {Milwaukee School of Engineering}
}

@inproceedings{Heikkinen1991,
    title = {Modelling of a supply air terminal for room air flow simulation},
    year = {1991},
    booktitle = {12th AIVC Conference},
    author = {Heikkinen, Jorma},
    pages = {213--230},
    volume = {3}
}

@article{Keith1999,
    title = {Simplified Prediction Tool for Peak Occupancy Rate in Office Buildings},
    year = {1999},
    journal = {Journal of the Illuminating Engineering Society},
    author = {Keith, David M. and Krarti, Moncef},
    number = {1},
    pages = {43--56},
    volume = {28},
}

@article{Liu2016,
    title = {Occupancy Inference Using Pyroelectric Infrared Sensors Through Hidden Markov Models},
    year = {2016},
    journal = {IEEE Sensors Journal},
    author = {Liu, Pengcheng and Nguang, Sing-kiong and Partridge, Ashton},
    number = {4},
    pages = {1062--1068},
    volume = {16},
}

@article{Zhao2015,
    title = {Virtual occupancy sensors for real-time occupancy information in buildings},
    year = {2015},
    journal = {Building and Environment},
    author = {Zhao, Yang and Zeiler, Wim and Boxem, Gert and Labeodan, Timi},
    pages = {9--20},
    volume = {93},
}

@article{Chun2014,
    title = {Real-time smart lighting control using human motion tracking from depth camera},
    year = {2015},
    journal = {Journal of Real-Time Image Processing},
    author = {Chun, SungYong and Lee, Chan-Su and Jang, Ja-Soon},
    number = {4},
    pages = {805--820},
    volume = {10},
    publisher = {Springer Berlin Heidelberg},
}

@article{Dedesko2015,
    title = {Methods to assess human occupancy and occupant activity in hospital patient rooms},
    year = {2015},
    journal = {Building and Environment},
    author = {Dedesko, Sandra and Stephens, Brent and Gilbert, Jack A. and Siegel, Jeffrey A.},
    pages = {136--145},
    volume = {90},
}

@article{Li2012,
    title = {Measuring and monitoring occupancy with an RFID based system for demand-driven {HVAC} operations},
    year = {2012},
    journal = {Automation in Construction},
    author = {Li, Nan and Calis, Gulben and Becerik-Gerber, Burcin},
    pages = {89--99},
    volume = {24},
}

@article{Benezeth2011,
    title = {Towards a sensor for detecting human presence and characterizing activity},
    year = {2011},
    journal = {Energy and Buildings},
    author = {Benezeth, Y. and Laurent, H. and Emile, B. and Rosenberger, C.},
    number = {2-3},
    pages = {305--314},
    volume = {43},
}

@article{Zhang2012,
    title = {Information-theoretic environment features selection for occupancy detection in open office spaces},
    year = {2012},
    journal = {Building Simulation},
    author = {Zhang, Rui and Lam, Khee Poh and Chiou, Yun-Shang and Dong, Bing},
    number = {2},
    pages = {179--188},
    volume = {5},
    isbn = {1996-3599},
}

@article{Li2011a,
    title = {Performance-based evaluation of RFID-based indoor location sensing solutions for the built environment},
    year = {2011},
    journal = {Advanced Engineering Informatics},
    author = {Li, Nan and Becerik-Gerber, Burcin},
    number = {3},
    pages = {535--546},
    volume = {25},
}

@article{Guo2014,
    title = {Improved Radio Frequency Identification Indoor Localization Method via Radial Basis Function Neural Network},
    year = {2014},
    journal = {Mathematical Problems in Engineering},
    author = {Guo, Dongliang and Zhang, Yudong and Xiang, Qiao and Li, Zhonghua},
    pages = {1--9},
    volume = {2014},
}

@article{Dobbs2014,
    title = {Model predictive {HVAC} control with online occupancy model},
    year = {2014},
    journal = {Energy and Buildings},
    author = {Dobbs, Justin R. and Hencey, Brandon M.},
    pages = {675--684},
    volume = {82},
    isbn = {9781479932726},
    arxivId = {1403.4662},
}

@article{Rana2015a,
    title = {Novel activity classification and occupancy estimation methods for intelligent {HVAC} (heating, ventilation and air conditioning) systems},
    year = {2015},
    journal = {Energy},
    author = {Rana, Rajib and Kusy, Brano and Wall, Josh and Hu, Wen},
    number = {1},
    pages = {245--255},
    volume = {93},
    publisher = {Elsevier Ltd},
}

@article{Huang2015,
    title = {The Research of the Characteristics of Secondary Equipment Device and Airflow Jet},
    year = {2015},
    journal = {Procedia Engineering},
    author = {Huang, Chen and Zhang, Yalin and Cui, Yezan},
    pages = {2106--2111},
    volume = {121},
    publisher = {Elsevier B.V.},
}

@article{ISI:000283441900008,
    title = {Design and Implementation of Fault Tolerance in the BACnet/IP Protocol},
    year = {2010},
    journal = {IEEE Transactions on Industrial Electronics},
    author = {Hong, Seung Ho and Lee, Songjun},
    number = {11},
    pages = {3631--3638},
    volume = {57},
}

@inproceedings{ISI:000359820600231,
    title = {An Event-Driven System Based on Internet Oriented to Equipment Fault and Maintenance},
    year = {2015},
    booktitle = {PROCEEDINGS OF THE 2015 2ND INTERNATIONAL CONFERENCE ON ELECTRICAL, COMPUTER ENGINEERING AND ELECTRONICS (ICECEE 2015)},
    author = {Bin, Duan},
    editor = {{Chen, T and Xu, L}},
    pages = {1244--1248},
    series = {ACSR-Advances in Comptuer Science Research},
    volume = {24},
    isbn = {978-94-62520-81-3},
}

@article{Bruton2014b,
    title = {Development and alpha testing of a cloud based automated fault detection and diagnosis tool for Air Handling Units},
    year = {2014},
    journal = {Automation in Construction},
    author = {Bruton, Ken and Raftery, Paul and O'Donovan, Peter and Aughney, Niall and Keane, Marcus M. and O'Sullivan, D.T.J.},
    pages = {70--83},
    volume = {39},
}

@article{Bruton2015,
    title = {Comparative analysis of the AHU InFO fault detection and diagnostic expert tool for AHUs with APAR},
    year = {2015},
    journal = {Energy Efficiency},
    author = {Bruton, Ken and Coakley, Daniel and Raftery, Paul and Cusack, D. Og and Keane, Marcus M. and O’Sullivan, D. T. J.},
    number = {2},
    pages = {299--322},
    volume = {8},
}

@article{Dong2014,
    title = {A BIM-enabled information infrastructure for building energy Fault Detection and Diagnostics},
    year = {2014},
    journal = {Automation in Construction},
    author = {Dong, Bing and O'Neill, Zheng and Li, Zhengwei},
    pages = {197--211},
    volume = {44},
}

@article{Gao2016,
    title = {Fault detection and diagnosis method for cooling dehumidifier based on LS-SVM NARX model},
    year = {2016},
    journal = {International Journal of Refrigeration},
    author = {Gao, Yunguang and Liu, Shunbo and Li, Feng and Liu, Zhiguo},
    pages = {69--81},
    volume = {61},
}

@inproceedings{Reppa2012,
    title = {A distributed architecture for sensor fault detection and isolation using adaptive approximation},
    year = {2012},
    booktitle = {The 2012 International Joint Conference on Neural Networks (IJCNN)},
    author = {Reppa, Vasso and Polycarpou, Marios M. and Panayiotou, Christos G.},
    number = {4},
    pages = {1--8},
    volume = {23},
    publisher = {IEEE},
    isbn = {978-1-4673-1490-9},
}

@article{Braun1999,
    title = {Automated Fault Detection and Diagnostics for the {HVAC\&R} Industry},
    year = {1999},
    journal = {{HVAC\&R} Research},
    author = {Braun, James},
    number = {2},
    pages = {85--86},
    volume = {5},
    isbn = {1078-9669},
}

@article{Katipamula1999a,
    title = {Automated fault detection and diagnostics for outdoor-air ventilation systems and economizers: Methodology and results from field testing},
    year = {1999},
    journal = {{ASHRAE} Transactions},
    author = {Katipamula, Srinivas and Pratt, Robert G. and Chassin, David P. and Taylor, Z. Todd and Al, Et},
    volume = {105},
    publisher = {American Society of Heating, Refrigeration and Air Conditioning Engineers, Inc.},
    address = {Atlanta},
    language = {English}
}

@article{Liang2007a,
    title = {Model-based Fault Detection and Diagnosis of {HVAC} systems using Support Vector Machine method},
    year = {2007},
    journal = {International Journal of Refrigeration},
    author = {Liang, J. and Du, R.},
    number = {6},
    pages = {1104--1114},
    volume = {30},
}

@article{Schein2006d,
    title = {A rule-based fault detection method for air handling units},
    year = {2006},
    journal = {Energy and Buildings},
    author = {Schein, Jeffrey and Bushby, Steven T. and Castro, Natascha S. and House, John M.},
    number = {12},
    pages = {1485--1492},
    volume = {38},
}

@book{Incropera2007FundamentalsTransfer,
    title = {Fundamentals of Heat and Mass Transfer},
    year = {2007},
    booktitle = {Water},
    author = {Incropera, Frank P. and DeWitt, David P. and Bergman, Theodore L. and Lavine, Adrienne S.},
    editor = {Incropera, Frank P and Incropera, Frank P Fundamentals Of Heat And Mass Transfer},
    chapter = {Table A1-2},
    pages = {997},
    series = {Dekker Mechanical Engineering},
    volume = {6th},
    publisher = {John Wiley {\&} Sons},
    isbn = {9780471457282},
    pmid = {2089623},
    arxivId = {1105-}
}

@article{Khodadadi2013ThermalReview,
    title = {Thermal conductivity enhancement of nanostructure-based colloidal suspensions utilized as phase change materials for thermal energy storage: A review},
    year = {2013},
    journal = {Renewable and Sustainable Energy Reviews},
    author = {Khodadadi, J. M. and Fan, Liwu and Babaei, Hasan},
    pages = {418--444},
    volume = {24},
    publisher = {Elsevier Ltd},
    address = {Mechanical Engineering Department, Auburn University, 1418 Wiggins Hall, Auburn, AL 36849-5341, United States},
}

@article{Hatton2010OptimizingCommissioning,
    title = {Optimizing building controls during commissioning},
    year = {2010},
    journal = {{ASHRAE} Journal},
    author = {Hatton, Michael A. and Sullivan, Tim and Newlands, Larry},
    number = {12},
    pages = {22--27},
    volume = {52},
    publisher = {Amer. Soc. Heating, Ref. Air-Conditoning Eng. Inc},
    address = {Memorial Hermann, Houston, United States; Smith Seckman Reid, Houston, United States},
}

@article{Jamekhorshid2014AMedium,
    title = {A review of microencapsulation methods of phase change materials (PCMs) as a thermal energy storage (TES) medium},
    year = {2014},
    journal = {Renewable and Sustainable Energy Reviews},
    author = {Jamekhorshid, A and Sadrameli, S M and Farid, M},
    number = {0},
    pages = {531--542},
    volume = {31},
}

@article{Trigui2013DevelopmentStorage,
    title = {Development and characterization of composite phase change material: Thermal conductivity and latent heat thermal energy storage},
    year = {2013},
    journal = {Composites Part B: Engineering},
    author = {Trigui, A and Karkri, M and Boudaya, C and Candau, Y and Ibos, L},
    pages = {22--35},
    series = {Compos., B, Eng. (UK)},
    volume = {49},
    publisher = {Elsevier Science Ltd},
    address = {CERTES, Univ. Paris-Est, Creteil, France},
}

@article{Abdel-Salam2014Thermo-economicSystem,
    title = {Thermo-economic performance of a solar membrane liquid desiccant air conditioning system},
    year = {2014},
    journal = {Solar Energy},
    author = {Abdel-Salam, A and Ge, Gaoming and Simonson, C J},
    pages = {56--73},
    series = {Sol. Energy (UK)},
    volume = {102},
    publisher = {Elsevier Science Ltd},
    address = {Dept. of Mech. Eng., Univ. of Saskatchewan, Saskatoon, SK, Canada},
}

@article{Zuo2010SimulationsGPU,
    title = {Simulations of air distributions in buildings by FFD on GPU},
    year = {2010},
    journal = {{HVAC} and R Research},
    author = {Zuo, Wangda and Chen, Qingyan},
    number = {6},
    pages = {785--798},
    volume = {16},
    publisher = {Amer. Soc. Heating, Ref. Air-Conditoning Eng. Inc},
    address = {National Air Transportation Center of Excellence, Research in the Intermodal Transport Environment (RITE), Purdue University, West Lafayette, IN, United States},
}

@article{Henze2004ImpactInventory,
    title = {Impact of forecasting accuracy on predictive optimal control of active and passive building thermal storage inventory},
    year = {2004},
    journal = {{HVAC} and R Research},
    author = {Henze, Gregor P. and Kalz, Doreen E. and Felsmann, Clemens and Knabe, Gottfried},
    number = {2},
    pages = {153--178},
    volume = {10},
    publisher = {Amer. Soc. Heating, Ref. Air-Conditoning Eng. Inc},
    address = {University of Nebraska-Lincoln, Lincoln, NE, United States; Inst. of Thermodyn. Bldg. Syst. Eng., Technical University of Dresden, Dresden, Germany},
}

@inproceedings{Zabalegui2013InvestigationApplications,
    title = {Investigation of thermal properties in nanofluids for thermal energy storage applications},
    year = {2013},
    booktitle = {ASME 2013 Heat Transfer Summer Conference, HT 2013 Collocated with the ASME 2013 7th International Conference on Energy Sustainability and the ASME 2013 11th International Conference on Fuel Cell Science, Engineering and Technology, July 14, 2013 - July 1},
    author = {Zabalegui, Aitor and Tong, Bernadette and Lee, Hohyun},
    pages = {Heat Transfer Division},
    volume = {1},
    publisher = {American Society of Mechanical Engineers},
    address = {Santa Clara University, Santa Clara, CA, United States},
}

@article{Tatsidjodoung2013AApplications,
    title = {A review of potential materials for thermal energy storage in building applications},
    year = {2013},
    journal = {Renewable and Sustainable Energy Reviews},
    author = {Tatsidjodoung, P and Le Pierres, N and Luo, Lingai},
    pages = {327--349},
    series = {Renew. Sustain. Energy Rev. (UK)},
    volume = {18},
    publisher = {Elsevier Science Ltd},
    address = {Polytech Annecy-Chambery, LOCIE, Univ. de Savoie, Le Bourget-du-Lac, France},
}

@article{Wang2009AssessmentEnvironment,
    title = {Assessment of various turbulence models for transitional flows in an enclosed environment},
    year = {2009},
    journal = {{HVAC\&R} Research},
    author = {Wang, Miao and Chen, Qingyan},
    number = {6},
    pages = {1099--1119},
    volume = {15},
    publisher = {Amer. Soc. Heating, Ref. Air-Conditoning Eng. Inc},
    address = {Department of Mechanical Engineering, Ray W. Herrick Laboratories, Purdue University, West Lafayette, IN, United States; National Air Transportation Center of Excellence, Research in Intermodel Transport Environment (RITE), United States},
}

@misc{McMaster-CarrMcMaster-CarrStore,
    title = {McMaster-Carr Online Store},
    author = {{McMaster-Carr}},
    number = {9/30},
    volume = {2014}
}

@article{Pomianowski2013ReviewBuildings,
    title = {Review of thermal energy storage technologies based on PCM application in buildings},
    year = {2013},
    journal = {Energy and Buildings},
    author = {Pomianowski, Michal and Heiselberg, Per and Zhang, Yinping},
    pages = {56--69},
    volume = {67},
    publisher = {Elsevier Ltd},
    address = {Department of Civil Engineering, Aalborg University, Sohngaardsholmsvej 57, Aalborg, Denmark},
}

@article{Jiang2007GeneralAnalysis,
    title = {General methodology combining engineering optimization of primary {HVAC\&R} plants with decision analysis methods - {Part I}: Deterministic analysis},
    year = {2007},
    journal = {{HVAC} and R Research},
    author = {Jiang, Wei and Reddy, T A},
    number = {1},
    pages = {93--117},
    volume = {13},
    publisher = {Amer. Soc. Heating, Ref. Air-Conditoning Eng. Inc},
    address = {Pacific Northwest National Laboratory, Richland, WA, United States; Department of Civil Architectural and Environmental Engineering, Drexel University, Philadelphia, PA, United States},
}

@article{Gil2013ThermalScale,
    title = {Thermal behaviour of d-mannitol when used as PCM: Comparison of results obtained by DSC and in a thermal energy storage unit at pilot plant scale},
    year = {2013},
    journal = {Applied Energy},
    author = {Gil, Antoni and Barreneche, Camila and Moreno, Pere and Sole, Cristian and Ines Fernandez, A and Cabeza, Luisa F},
    pages = {1107--1113},
    volume = {111},
    publisher = {Elsevier Ltd},
    address = {GREA Innovacio Concurrent, Universitat de Lleida, Edifici CREA, Pere de Cabrera s/n, 25001 Lleida, Spain},
}

@article{Mikic1970OnRates,
    title = {On bubble growth rates},
    year = {1970},
    journal = {International Journal of Heat and Mass Transfer},
    author = {Mikic, B B and Rohsenow, W M and Griffith, P},
    number = {4},
    pages = {657--666},
    volume = {13},
}

@article{Riffat2013PhaseReview,
    title = {Phase change material developments: A review},
    year = {2013},
    author = {Riffat, Saffa and Mempouo, Blaise and Fang, Wenbo},
    series = {International Journal of Ambient Energy},
    address = {Department of Architecture and Built Environment, Institute of Sustainable Energy Technology, University of Nottingham, Nottingham NG7 2RD, UK;},
}

@inproceedings{Gilpin2011MoltenMicrosatellites,
    title = {Molten Boron Phase-Change Thermal Energy Storage: Containment and Applicability to Microsatellites},
    year = {2011},
    booktitle = {42nd AIAA Thermophysics Conference, American Institute of Aeronautics and Astronautics},
    author = {Gilpin, Matthew R and Scharfe, David B and Young, Marcus P and Pancotti, Anthony P}
}

@article{Sari2013PolyethylStorage,
    title = {Polyethyl methacrylate (PEMA)/fatty acids blends as novel phase change materials for thermal energy storage},
    year = {2013},
    journal = {Energy Sources, Part A: Recovery, Utilization and Environmental Effects},
    author = {Sari, A and Karli, A and Alkan, C and Karaipekli, A},
    number = {19},
    pages = {1813--1819},
    volume = {35},
    publisher = {Taylor and Francis Inc},
    address = {Department of Chemistry, Gaziosmanpasa University, Tokat 60100, Turkey},
}

@article{Han2013EnhanceNanotubes,
    title = {Enhance the thermal storage of cement-based composites with phase change materials and carbon nanotubes},
    year = {2013},
    journal = {Journal of Solar Energy Engineering, Transactions of the ASME},
    author = {Han, Baoguo and Zhang, Kun and Yu, Xun},
    number = {2},
    volume = {135},
    publisher = {American Society of Mechanical Engineers},
    address = {Department of Mechanical and Energy Engineering, University of North Texas, Denton, TX 76203, United States},
}

@article{Jeon2013ApplicationConsumption,
    title = {Application of PCM thermal energy storage system to reduce building energy consumption},
    year = {2013},
    journal = {Journal of Thermal Analysis and Calorimetry},
    author = {Jeon, Jisoo and Lee, Jung-Hun and Seo, Jungki and Jeong, Su-Gwang and Kim, Sumin},
    number = {1},
    pages = {279--288},
    volume = {111},
    publisher = {Springer Netherlands},
    address = {Building Environment and Materials Lab, School of Architecture, Soongsil University, Seoul 156-743, Korea, Republic of},
}

@article{Stekli2013TechnicalStorage,
    title = {Technical challenges and opportunities for concentrating solar power with thermal energy storage},
    year = {2013},
    journal = {Journal of Thermal Science and Engineering Applications},
    author = {Stekli, Joseph and Irwin, Levi and Pitchumani, Ranga},
    number = {2},
    volume = {5},
    publisher = {American Society of Mechanical Engineers},
    address = {U.S. Department of Energy, 1000 Independence Avenue SW, Washington, DC 20585},
}

@article{Sun2013PredictingResults,
    title = {Predicting Cooling Loads for the Next 24 Hours Based on General Regression Neural Network: Methods and Results},
    year = {2013},
    journal = {Advances in Mechanical Engineering},
    author = {Sun, Yuying and Wang, Wei and Zhao, Yaohua and Pan, Song},
    pages = {954185 (8 pp.)},
    series = {Adv. Mech. Eng. (USA)},
    publisher = {Hindawi Publishing Corporation},
    address = {Coll. of Archit. Civil Eng., Beijing Univ. of Technol., Beijing, China},
}

@article{Kim2013IsothermalStorage,
    title = {Isothermal transcritical CO2 cycles with TES (thermal energy storage) for electricity storage},
    year = {2013},
    journal = {Energy},
    author = {Kim, Young-Min and Shin, Dong-Gil and Lee, Sun-Youp and Favrat, D},
    pages = {484--501},
    series = {Energy (UK)},
    volume = {49},
    publisher = {Elsevier Science Ltd},
    address = {Dept. of Environ. Energy Syst., Korea Inst. of Machinery Mater., Daejeon, Korea, Republic of},
}

@article{Newsham2009DoBut,
    title = {Do LEED-certified buildings save energy? Yes, but{\ldots}},
    year = {2009},
    journal = {Energy and Buildings},
    author = {Newsham, Guy R and Mancini, Sandra and Birt, Benjamin J},
    number = {8},
    pages = {897--905},
    volume = {41},
}

@article{Sedeh2013ThermalComposites,
    title = {Thermal conductivity improvement of phase change materials/graphite foam composites},
    year = {2013},
    journal = {Carbon},
    author = {Sedeh, M M and Khodadadi, J M},
    pages = {117--128},
    series = {Carbon (UK)},
    volume = {60},
    publisher = {Elsevier Science Ltd},
    address = {Dept. of Mech. Eng., Auburn Univ., Auburn, AL, United States},
}

@article{Cai2013InfluencesMats,
    title = {Influences of expanded graphite on structural morphology and thermal performance of composite phase change materials consisting of fatty acid eutectics and electrospun PA6 nanofibrous mats},
    year = {2013},
    journal = {Renewable Energy},
    author = {Cai, Yibing and Gao, Chuntao and Zhang, Ting and Zhang, Zhen and Wei, Qufu and Du, Jinmei and Hu, Yuan and Song, Lei},
    pages = {163--170},
    series = {Renew. Energy (UK)},
    volume = {57},
    publisher = {Elsevier Science Ltd},
    address = {Key Lab. of Eco-Textiles, Jiangnan Univ., Wuxi, China},
}

@article{Li2013EnhancementNanotubes,
    title = {Enhancement of heat transfer for thermal energy storage application using stearic acid nanocomposite with multi-walled carbon nanotubes},
    year = {2013},
    journal = {Energy},
    author = {Li, TingXian and Lee, Ju-Hyuk and Wang, RuZhu and Kang, Yong Tae},
    pages = {752--761},
    volume = {55},
    publisher = {Elsevier Ltd},
    address = {Institute of Refrigeration and Cryogenics, Shanghai Jiao Tong University, Shanghai 200240, China},
}

@inproceedings{Huo1996ASimulation,
    title = {A new method to describe boundary conditions in CFD simulation},
    year = {1996},
    booktitle = {Proc. of ROOMVENT},
    author = {Huo, Y and Zhang, J and Shaw, C and Haghighat, Fariborz},
    pages = {233--240},
    volume = {2},
    address = {Yokohama, Japan}
}

@article{Qian2013PreparationApplication,
    title = {Preparation of a novel PEG composite with halogen-free flame retardant supporting matrix for thermal energy storage application},
    year = {2013},
    journal = {Applied Energy},
    author = {Qian, Yong and Wei, Ping and Jiang, Pingkai and Li, Zhi and Yan, Yonggang and Liu, Jiping},
    pages = {321--327},
    series = {Appl. Energy (UK)},
    volume = {106},
    publisher = {Elsevier Science Ltd},
    address = {Sch. of Chem. Chem. Eng., Shanghai Jiao Tong Univ., Shanghai, China},
}

@article{Wang2013CalculationSystem,
    title = {Calculation Model of Peak Power Load Shifting of Electric Thermal Storage Air-conditioning System},
    year = {2013},
    journal = {Applied Mechanics and Materials},
    author = {Wang, He and Li, Dezhi and Xu, Renwu and Ji, Hong},
    pages = {466--470},
    series = {Appl. Mech. Mater. (Switzerland)},
    volume = {260-261},
    publisher = {Trans Tech Publications Ltd},
    address = {State Key Lab. of Power Grid Energy Conservation, China Electr. Power Res. Inst., Beijing, China},
}

@article{Sukhorukov2005IntelligentNanocapsules,
    title = {Intelligent micro- and nanocapsules},
    year = {2005},
    journal = {Plenary Lectures World Polymer Congress, 40th IUPAC International Symposium on Macromolecules},
    author = {Sukhorukov, G and Fery, A and M{\"{o}}hwald, H},
    number = {8--9},
    pages = {885--897},
    volume = {30},
}

@article{Rao2013MolecularMaterials,
    title = {Molecular dynamics simulations of nano-encapsulated and nanoparticle-enhanced thermal energy storage phase change materials},
    year = {2013},
    journal = {International Journal of Heat and Mass Transfer},
    author = {Rao, Zhonghao and Wang, Shuangfeng and Peng, Feifei},
    pages = {575--584},
    volume = {66},
    publisher = {Elsevier Ltd},
    address = {Key Laboratory of Enhanced Heat Transfer and Energy Conservation of the Ministry of Education, South China University of Technology, Guangzhou 510640, China},
}

@article{Royon2013ThermalBuildings,
    title = {Thermal energy storage and release of a new component with PCM for integration in floors for thermal management of buildings},
    year = {2013},
    journal = {Energy and Buildings},
    author = {Royon, Laurent and Karim, Laurie and Bontemps, Andre},
    pages = {29--35},
    volume = {63},
    publisher = {Elsevier Ltd},
    address = {Matiere Systeme Complexe, UMR 7057 CNRS, Universite Paris Denis Diderot, 75013 Paris, France},
}

@article{Chen2013SynthesisMaterials,
    title = {Synthesis and Characterization of Microencapsulated Paraffin Microcapsules as Shape-stabilized Thermal Energy Storage Materials},
    year = {2013},
    journal = {Nanoscale and Microscale Thermophysical Engineering},
    author = {Chen, Zhi and Cao, Lei and Fang, Guiyin and Shan, Feng},
    number = {2},
    pages = {112--123},
    series = {Nanoscale Microscale Thermophys. Eng. (USA)},
    volume = {17},
    publisher = {Taylor {\&} Francis},
    address = {Sch. of Phys., Nanjing Univ., Nanjing, China},
}

@article{Wright2002OptimizationAlgorithm,
    title = {Optimization of building thermal design and control by multi-criterion genetic algorithm},
    year = {2002},
    journal = {A View of Energy and Bilding Performance Simulation at the start of the third millennium},
    author = {Wright, Jonathan A and Loosemore, Heather A and Farmani, Raziyeh},
    number = {9},
    pages = {959--972},
    volume = {34},
}

@inproceedings{Powell2013DynamicStorage,
    title = {Dynamic optimization of a campus cooling system with thermal storage},
    year = {2013},
    booktitle = {2013 European Control Conference (ECC)},
    author = {Powell, K M and Cole, W J and Ekarika, U F and Edgar, T F},
    pages = {4077--4082},
    publisher = {IEEE},
    address = {Dept. of Chem. Eng., Univ. of Texas, Austin, TX, United States},
}

@article{Kreider1994PredictingResults,
    title = {Predicting hourly building energy usage: The great energy predictor shootout-Overview and discussion of results},
    year = {1994},
    journal = {{ASHRAE} Transactions},
    author = {Kreider, J and Haberl, J},
    pages = {1104--1118},
    volume = {100}
}

@misc{TexasAMUniversityUtilitiesandEnergyServicesEnergy2015,
    title = {Energy Action Plan 2015},
    author = {{Texas A{\&}M University Utilities and Energy Services}},
    number = {6/23},
    volume = {2014}
}

@article{Martinez-Lera2013AnalysisBuildings,
    title = {Analysis and sizing of thermal energy storage in combined heating, cooling and power plants for buildings},
    year = {2013},
    journal = {Applied Energy},
    author = {Martinez-Lera, S and Ballester, J and Martinez-Lera, J},
    pages = {127--142},
    series = {Appl. Energy (UK)},
    volume = {106},
    publisher = {Elsevier Science Ltd},
    address = {LITEC, Univ. of Zaragoza, Zaragoza, Spain},
}

@article{Qiu2013PreparationStorage,
    title = {Preparation, thermal properties and thermal reliabilities of microencapsulated n-octadecane with acrylic-based polymer shells for thermal energy storage},
    year = {2013},
    journal = {Thermochimica Acta},
    author = {Qiu, Xiaolin and Song, Guolin and Chu, Xiaodong and Li, Xuezhu and Tang, Guoyi},
    pages = {136--144},
    volume = {551},
    publisher = {Elsevier},
    address = {Advanced Materials Institute and Clearer Production Key Laboratory, Graduate School at Shenzhen, Tsinghua University, Shenzhen 518055, China},
}

@article{Khudhair2004AMaterials,
    title = {A review on energy conservation in building applications with thermal storage by latent heat using phase change materials},
    year = {2004},
    journal = {Energy Conversion and Management},
    author = {Khudhair, Amar M and Farid, Mohammed M},
    number = {2},
    pages = {263--275},
    volume = {45},
}

@article{Ge2013Carbonate-salt-basedStorage,
    title = {Carbonate-salt-based composite materials for medium- and high-temperature thermal energy storage},
    year = {2013},
    author = {Ge, Zhiwei and Ye, Feng and Cao, Hui and Leng, Guanghui and Qin, Yue and Ding, Yulong},
    series = {Particuology},
    address = {State Key Laboratory of Multiphase Complex Systems, Institute of Process Engineering, Chinese Academy of Sciences, Beijing 100190, China},
}

@article{Kim2014ThermalConsumption,
    title = {Thermal performance enhancement of mortar mixed with octadecane/xGnP SSPCM to save building energy consumption},
    year = {2014},
    journal = {Solar Energy Materials and Solar Cells},
    author = {Kim, Sughwan and Paek, Songyee and Jeong, Su-Gwang and Lee, Jeong-Hun and Kim, Sumin},
    pages = {257--263},
    series = {Sol. Energy Mater. Sol. Cells (Netherlands)},
    volume = {122},
    publisher = {Elsevier Science B.V},
    address = {Sch. of Archit., Soongsil Univ., Seoul, Korea, Republic of},
}

@article{Zhang2013PreparationStorage,
    title = {Preparation and characterization of lauric-myristic-palmitic acid ternary eutectic mixtures/expanded graphite composite phase change material for thermal energy storage},
    year = {2013},
    journal = {Chemical Engineering Journal},
    author = {Zhang, Nan and Yuan, Yanping and Wang, Xi and Cao, Xiaoling and Yang, Xiaojiao and Hu, Shuchun},
    pages = {214--219},
    volume = {231},
    publisher = {Elsevier},
    address = {School of Mechanical Engineering, Southwest Jiaotong University, 610031 Chengdu, China},
}

@article{Xu2014ResearchSources,
    title = {Research and application of active hollow core slabs in building systems for utilizing low energy sources},
    year = {2014},
    journal = {Applied Energy},
    author = {Xu, Xinhua and Yu, Jinghua and Wang, Shengwei and Wang, Jinbo},
    pages = {424--435},
    volume = {116},
    publisher = {Elsevier Ltd},
    address = {Department of Building Environment and Services Engineering, School of Environmental Science and Engineering, Huazhong University of Science and Technology, Wuhan 430074, China},
}

@article{Asadi2014a,
    author = {Asadi, Ehsan and da Silva, Manuel Gameiro and Antunes, Carlos Henggeler and Dias, Lu{\'{i}}s and Glicksman, Leon},
    journal = {Energy and Buildings},
    pages = {444--456},
    title = {Multi-objective optimization for building retrofit: A model using genetic algorithm and artificial neural network and an application},
    volume = {81},
    year = {2014}
}

@article{Rodriguez-Ubinas2013InfluenceRetrofitting,
    title = {Influence of the use of PCM drywall and the fenestration in building retrofitting},
    year = {2013},
    journal = {Energy and Buildings},
    author = {Rodriguez-Ubinas, E and Arranz, B A and Sanchez, S V and Gonzalez, F J N},
    pages = {464--476},
    volume = {65},
    publisher = {Elsevier Ltd},
    address = {Department of Construction and Technology in Architecture (DCTA), School of Architecture, Technical University of Madrid (UPM), Av. Juan de Herrera 4, 28040 Madrid, Spain},
}

@article{Fan2013EffectsMaterials,
    title = {Effects of various carbon nanofillers on the thermal conductivity and energy storage properties of paraffin-based nanocomposite phase change materials},
    year = {2013},
    journal = {Applied Energy},
    author = {Fan, Li-Wu and Fang, Xin and Wang, Xiao and Zeng, Yi and Xiao, Yu-Qi and Yu, Zi-Tao and Xu, Xu and Hu, Ya-Cai and Cen, Ke-Fa},
    pages = {163--172},
    volume = {110},
    publisher = {Elsevier Ltd},
    address = {Institute of Thermal Science and Power Systems, Department of Energy Engineering, Zhejiang University, Hangzhou 310027, China},
}

@article{Yao2010GlobalMethod,
    title = {Global optimization of a central air-conditioning system using decomposition--coordination method},
    year = {2010},
    journal = {Energy and Buildings},
    author = {Yao, Ye and Chen, Jing},
    number = {5},
    pages = {570--583},
    volume = {42},
}

@article{Whiting2013HeatsMaterials,
    title = {Heats of water sorption studies on zeolite-MgSO4 composites as potential thermochemical heat storage materials},
    year = {2013},
    journal = {Solar Energy Materials and Solar Cells},
    author = {Whiting, G and Grondin, D and Bennici, S and Auroux, A},
    pages = {112--119},
    series = {Sol. Energy Mater. Sol. Cells (Netherlands)},
    volume = {112},
    publisher = {Elsevier Science B.V},
    address = {Inst. de Rech. sur la Catalyse et l'Environ. de Lyon, Univ. Lyon 1, Villeurbanne, France},
}

@article{Guo2013PreparationMaterials,
    title = {Preparation and Properties of Polyacrylonitrile Fiber/Binary of Fatty Acids Composites as Phase Change Materials},
    year = {2013},
    journal = {Energy Sources, Part A (Recovery, Utilization, and Environmental Effects)},
    author = {Guo, J and Xiang, H -X and Wang, Q -Q and Xu, D -Z},
    number = {11},
    pages = {1064--1072},
    series = {Energy Sources, A, Recovery Util. Environ. Eff. (UK)},
    volume = {35},
    publisher = {Taylor {\&} Francis Ltd},
    address = {Sch. of Chem. Eng. Mater., Dalian Polytech. Univ., Dalian, China},
}

@article{Ahmed2013AnSystem,
    title = {An experimental investigation of a cold thermal energy storage system},
    year = {2013},
    journal = {Applied Mechanics and Materials},
    author = {Ahmed, S and Gadalla, M},
    pages = {621--626},
    series = {Appl. Mech. Mater. (Switzerland)},
    volume = {291-294},
    publisher = {Trans Tech Publications Ltd},
    address = {Mech. Eng. Dept., American Univ. of Sharjah, Sharjah, United Arab Emirates},
}

@article{Marriott2006ThreeGeothermal,
    title = {Three simple approaches to energy efficiency: Optimal air, energy recovery, geothermal},
    year = {2006},
    journal = {{ASHRAE} Journal},
    author = {Marriott, Carol},
    number = {7},
    pages = {44--50},
    volume = {48},
    publisher = {Amer. Soc. Heating, Ref. Air-Conditoning Eng. Inc},
    address = {McQuay International, Minneapolis, MN, United States},
}

@article{Tang20131-Octadecanol/SiO2Storage,
    title = {1-Octadecanol/SiO2 hybrid form-stable phase change materials for thermal energy storage},
    year = {2013},
    journal = {Applied Mechanics and Materials},
    author = {Tang, Bingtao and Zheng, Xixi and Qiu, Meige and Jia, Chao and Zhang, Shufen},
    pages = {22--27},
    series = {Appl. Mech. Mater. (Switzerland)},
    volume = {260-261},
    publisher = {Trans Tech Publications Ltd},
    address = {State Key Lab. of Fine Chem., Dalian Univ. of Technol., Dalian, China},
}

@article{HoeschelePE2013MonitoredHomes,
    title = {Monitored Performance of Advanced Gas Water Heaters in California Homes},
    year = {2013},
    journal = {{ASHRAE} Transactions},
    author = {Hoeschele  PE, Marc A and Weitzel, Elizabeth},
    volume = {119},
    publisher = {American Society of Heating, Refrigeration and Air Conditioning Engineers, Inc.},
    address = {Atlanta, United States, Atlanta},
}

@article{Xu2013Paraffin/diatomiteStorage,
    title = {Paraffin/diatomite composite phase change material incorporated cement-based composite for thermal energy storage},
    year = {2013},
    journal = {Applied Energy},
    author = {Xu, Biwan and Li, Zongjin},
    pages = {229--237},
    series = {Appl. Energy (UK)},
    volume = {105},
    publisher = {Elsevier Science Ltd},
    address = {Dept. of Civil Environ. Eng., Hong Kong Univ. of Sci. Technol., Hong Kong, China},
}

@article{Liu2013PhaseDensity,
    title = {Phase change nanocomposites with tunable melting temperature and thermal energy storage density},
    year = {2013},
    journal = {Nanoscale},
    author = {Liu, Minglu and Wang, Robert Y},
    number = {16},
    pages = {7234--7237},
    volume = {5},
    publisher = {Royal Society of Chemistry},
    address = {Mechanical Engineering, Arizona State University, Tempe, United States},
}

@article{Xie2013PerformanceFoam,
    title = {Performance Enhancement of Phase Change Thermal Energy Storage Unit Using Fin and Copper Foam},
    year = {2013},
    journal = {Applied Mechanics and Materials},
    author = {Xie, Yongqi and Song, Jun and Chi, Pengtao and Yu, Jianzu},
    pages = {137--141},
    series = {Appl. Mech. Mater. (Switzerland)},
    volume = {260-261},
    publisher = {Trans Tech Publications Ltd},
    address = {Sch. of Aeronaut. Sci. Eng., Beihang Univ., Beijing, China},
}

@techreport{Svidt1994InvestigationBuildings,
    title = {Investigation of inlet boundary conditions for numerical prediction of air flow in livestock buildings},
    year = {1994},
    booktitle = {Aalborg University, Copenhagen, Denmark},
    author = {Svidt, Kjeld},
    publisher = {Aalborg Universitetscenter (Denmark). Inst. for Bygningsteknik}
}

@article{Sanaye2013Thermo-economicApplications,
    title = {Thermo-economic optimization of an ice thermal energy storage system for air-conditioning applications},
    year = {2013},
    journal = {Energy and Buildings},
    author = {Sanaye, S and Shirazi, A},
    pages = {100--109},
    series = {Energy Build. (Switzerland)},
    volume = {60},
    publisher = {Elsevier Sequoia S.A},
    address = {Energy Syst. Improvement Lab. (ESIL), Iran Univ. of Sci. Technol. (IUST), Tehran, Iran},
}

@inproceedings{Skovgaard1991ModelingRooms,
    title = {Modeling complex inlet geometries in CFD applied to air flow in ventilated rooms},
    year = {1991},
    booktitle = {Proc. of the 12th AIVC Conference},
    author = {Skovgaard, M and Nielsen, P},
    pages = {183--200},
    volume = {3},
    publisher = {Aalborg Universitetsforlag}
}

@inproceedings{Vinther2013AStorage,
    title = {A learning based precool algorithm for utilization of foodstuff as thermal energy storage},
    year = {2013},
    booktitle = {2013 IEEE International Conference on Control Applications (CCA)},
    author = {Vinther, K and Rasmussen, H and Izadi-Zamanabadi, R and Stoustrup, J and Alleyne, A G},
    pages = {314--321},
    publisher = {IEEE},
    address = {Dept. of Electron. Syst., Aalborg Univ., Aalborg, Denmark},
}

@article{Wang2013HeatStorage,
    title = {Heat transfer enhancement of neopentyl glycol using compressed expanded natural graphite for thermal energy storage},
    year = {2013},
    journal = {Renewable Energy},
    author = {Wang, Xianglei and Guo, Quangui and Zhong, Yajuan and Wei, Xinghai and Liu, Lang},
    pages = {241--246},
    series = {Renew. Energy (UK)},
    volume = {51},
    publisher = {Elsevier Science Ltd},
    address = {Key Lab. of Carbon Mater., Inst. of Coal Chem., Taiyuan, China},
}

@inproceedings{Bischel2013PhaseBuildings,
    title = {Phase change materials and their impact on the thermal performance of buildings},
    year = {2013},
    booktitle = {Advances in Materials Science for Environmental and Energy Technologies II - Materials Science and Technology 2012 Conference, MS and T 2012, October 7, 2012 - October 11},
    author = {Bischel, Marsha S and Frantz, William H},
    pages = {209--219},
    volume = {241},
    publisher = {American Ceramic Society},
    address = {Armstrong World Industries, Inc., Lancaster, PA 17603, United States},
    isbn = {10421122},
}

@article{Steinbrecher2011DataGuidelines,
    title = {Data center environments {ASHRAE}'s evolving thermal guidelines},
    year = {2011},
    journal = {{ASHRAE} Journal},
    author = {Steinbrecher, Robin A and Schmidt, Roger},
    number = {12},
    pages = {42--49},
    volume = {53},
    publisher = {Amer. Soc. Heating, Ref. Air-Conditoning Eng. Inc},
    address = {Intel, Dupont, WA, United States; Data Center Energy Efficiency, Poughkeepsie, NY, United States},
}

@article{Aydin2013High-chainSeries,
    title = {High-chain fatty acid esters of 1-octadecanol as novel organic phase change materials and mathematical correlations for estimating the thermal properties of higher fatty acid esters' homologous series},
    year = {2013},
    journal = {Solar Energy Materials and Solar Cells},
    author = {Aydin, A A},
    pages = {44--51},
    series = {Sol. Energy Mater. Sol. Cells (Netherlands)},
    volume = {113},
    publisher = {Elsevier Science B.V},
    address = {Chem. Eng. Dept., Istanbul Tech. Univ., Istanbul, Turkey},
}

@article{Sharma2005LatentReview,
    title = {Latent Heat Storage Materials and Systems: A Review},
    year = {2005},
    journal = {International Journal of Green Energy},
    author = {Sharma, S D and Sagara, Kazunobu},
    number = {1},
    pages = {1--56},
    volume = {2},
    publisher = {Taylor {\&} Francis},
}

@article{Zhang2013TheSystem,
    title = {The thermodynamic effect of thermal energy storage on compressed air energy storage system},
    year = {2013},
    journal = {Renewable Energy},
    author = {Zhang, Yuan and Yang, Ke and Li, Xuemei and Xu, Jianzhong},
    pages = {227--235},
    series = {Renew. Energy (UK)},
    volume = {50},
    publisher = {Elsevier Science Ltd},
    address = {Inst. of Eng. Thermophys., Beijing, China},
}

@article{Ke2013ElectrospunTerephthalate,
    title = {Electrospun form-stable phase change composite nanofibers consisting of capric acid-based binary fatty acid eutectics and polyethylene terephthalate},
    year = {2013},
    journal = {Fibers and Polymers},
    author = {Ke, Huizhen and Li, Dawei and Zhang, Huidan and Wang, Xiaoling and Cai, Yibing and Huang, Fenglin and Wei, Qufu},
    number = {1},
    pages = {89--99},
    series = {Fibers Polym. (Germany)},
    volume = {14},
    publisher = {Springer Verlag},
    address = {Key Lab. of Eco-Textiles, Jiangnan Univ., Wuxi, China},
}

@article{Al-Kayiem2013ReviewTechnologies,
    title = {Review on nanomaterials for thermal energy storage technologies},
    year = {2013},
    journal = {Nanoscience and Nanotechnology - Asia},
    author = {Al-Kayiem, Hussain and Lin, Saw Chun and Lukmon, Afolabi},
    number = {1},
    pages = {60--71},
    volume = {3},
    publisher = {Bentham Science Publishers B.V},
    address = {Department of Mechanical Engineering, Universiti Teknologi PETRONAS, 31750 Tronoh, Perak, Malaysia},
}

@article{Barreneche2013DevelopmentBuildings,
    title = {Development and characterization of new shape-stabilized phase change material (PCM) - Polymer including electrical arc furnace dust (EAFD), for acoustic and thermal comfort in buildings},
    year = {2013},
    journal = {Energy and Buildings},
    author = {Barreneche, Camila and Fernandez, A I and Niubo, Maria and Chimenos, Jose M and Espiell, Ferran and Segarra, Merce and Sole, Cristian and Cabeza, Luisa F},
    pages = {210--214},
    volume = {61},
    publisher = {Elsevier Ltd},
    address = {Departmento de Ciencia de Materiales e Ingenieria Metalurgica, Universitat de Barcelona, Marti i Franques 1, 08028 Barcelona, Spain},
}

@article{Fu2013StudyMaterials,
    title = {Study on preparation and properties of capric-myristic acid/diatomite form-stable phase change energy storage materials},
    year = {2013},
    journal = {Gongneng Cailiao/Journal of Functional Materials},
    author = {Fu, Lu-Jun and Dong, Fa-Qin and He, Ping and Yang, Yu-Shan},
    number = {10},
    pages = {1465--1468},
    volume = {44},
    publisher = {Journal of Functional Materials},
    address = {School of Materials Science and Engineering, Southwest University of Science and Technology, Mianyang 621010, China},
}

@article{Sari2013DevelopmentPCMs,
    title = {Development, characterization, and latent heat thermal energy storage properties of neopentyl glycol-fatty acid esters as new solid-liquid PCMs},
    year = {2013},
    journal = {Industrial and Engineering Chemistry Research},
    author = {Sari, Ahmet and Alkan, Cemil and Bicer, Alper},
    number = {51},
    pages = {18269--18275},
    volume = {52},
    publisher = {American Chemical Society},
    address = {Department of Chemistry, Gaziosmanpasa University, Tokat, Tokat 60240, Turkey},
}

@article{Harikrishnan2013PreparationApplications,
    title = {Preparation and Thermophysical Properties of Water-Glycerol Mixture-Based CuO Nanofluids as PCM for Cooling Applications},
    year = {2013},
    journal = {IEEE Transactions on Nanotechnology},
    author = {Harikrishnan, S and Roseline, A A and Kalaiselvam, S},
    number = {4},
    pages = {629--635},
    series = {IEEE Trans. Nanotechnol. (USA)},
    volume = {12},
    publisher = {IEEE},
    address = {Centre for Nanosci. Technol., Anna Univ., Chennai, India},
}

@article{Sharma2009ReviewApplications,
    title = {Review on thermal energy storage with phase change materials and applications},
    year = {2009},
    journal = {Renewable and Sustainable Energy Reviews},
    author = {Sharma, Atul and Tyagi, V V and Chen, C R and Buddhi, D},
    number = {2},
    pages = {318--345},
    volume = {13},
}

@article{Mehrali2013Shape-stabilizedComposite,
    title = {Shape-stabilized phase change materials with high thermal conductivity based on paraffin/graphene oxide composite},
    year = {2013},
    journal = {Energy Conversion and Management},
    author = {Mehrali, M and Latibari, S T and Metselaar, H S C and Silakhori, M},
    pages = {275--282},
    series = {Energy Convers. Manag. (UK)},
    volume = {67},
    publisher = {Elsevier Science Ltd},
    address = {Dept. of Mech. Eng., Univ. of Malaya, Kuala Lumpur, Malaysia},
}

@misc{AmericanDiagnosticCorporationNoTitle,
    title = {No Title},
    author = {{American Diagnostic Corporation}},
    number = {9/30},
    volume = {2014}
}

@article{Warzoha2012DevelopmentStorage,
    title = {Development of Methods to Fully Saturate Carbon Foam With Paraffin Wax Phase Change Material for Energy Storage},
    year = {2012},
    journal = {Journal of Solar Energy Engineering},
    author = {Warzoha, Ron and Sanusi, Omar and McManus, Brian and Fleischer, Amy S},
    number = {2},
    pages = {21006},
    volume = {135},
}

@techreport{Glatzmaier2011SummaryWorkshop,
    title = {Summary Report for Concentrating Solar Power Thermal Storage Workshop},
    year = {2011},
    author = {Glatzmaier, G},
    volume = {TP-5500-52},
    publisher = {NREL},
    address = {Golden, Colorado}
}

@article{Huang2013Form-stableAnalysis,
    title = {Form-stable phase change materials based on eutectic mixture of tetradecanol and fatty acids for building energy storage: preparation and performance analysis},
    year = {2013},
    journal = {Materials},
    author = {Huang, Jingyu and Lu, Shilei and Kong, Xiangfei and Liu, Shangbao and Li, Yiran},
    number = {10},
    pages = {4758--4775},
    series = {Materials (Switzerland)},
    volume = {6},
    publisher = {MDPI AG},
    address = {Sch. of Environ. Sci. Technol., Tianjin Univ., Tianjin, China},
}

@article{Dhar1998ModelingForms,
    title = {Modeling hourly energy use in commercial buildings with Fourier series functional forms},
    year = {1998},
    journal = {Journal of Solar Energy Engineering},
    author = {Dhar, A and Reddy, T A and Claridge, D E},
    number = {3},
    pages = {217--223},
    volume = {120},
    publisher = {American Society of Mechanical Engineers}
}

@book{Munson1990FundamentalsMechanics,
    title = {Fundamentals of fluid mechanics},
    year = {1990},
    author = {Munson, Bruce Roy and Young, Donald F and Okiishi, Theodore Hisao},
    publisher = {New York}
}

@inproceedings{Zhao2013PreparationStorage,
    title = {Preparation and properties of paraffin/activated carbon composites as phase change materials for thermal energy storage},
    year = {2013},
    booktitle = {2nd International Conference on Energy, Environment and Sustainable Development, EESD 2012, October 12, 2012 - October 14},
    author = {Zhao, Liang and Fang, Xiangchen and Wang, Gang and Xu, Hong},
    pages = {1049--1053},
    volume = {608-609},
    publisher = {Trans Tech Publications},
    address = {Fushun Research Institute of Petroleum and Petrochemicals, SINOPEC, Fushun 113001, China},
    isbn = {10226680},
}

@misc{U.S.DepartmentofEnergy2014SunShotInitiative,
    title = {SunShot Initiative},
    year = {2014},
    author = {{U.S. Department of Energy}},
    number = {4/27},
    volume = {2014}
}

@article{Mehrali2013PreparationMaterials,
    title = {Preparation and properties of highly conductive palmitic acid/graphene oxide composites as thermal energy storage materials},
    year = {2013},
    journal = {Energy},
    author = {Mehrali, Mohammad and Latibari, Sara Tahan and Mehrali, Mehdi and Indra Mahlia, Teuku Meurah and Cornelis Metselaar, Hendrik Simon},
    pages = {628--634},
    volume = {58},
    publisher = {Elsevier Ltd},
    address = {Department of Mechanical Engineering and Advanced Material Research Center, University of Malaya, 50603 Kuala Lumpur, Malaysia},
}

@article{El-Sawi2014AssessingSystem,
    title = {Assessing long-term performance of centralized thermal energy storage system},
    year = {2014},
    journal = {Applied Thermal Engineering},
    author = {El-Sawi, Azeldin and Haghighat, Fariborz and Akbari, Hashem},
    number = {2},
    pages = {313--321},
    volume = {62},
    publisher = {Elsevier Ltd},
    address = {Department of Building, Civil and Environmental Engineering, Concordia University, Montreal, QC H3G 1M8, Canada},
}

@inproceedings{Kassim2013EnergyAlam,
    title = {Energy performance and feasibility study for Thermal Energy Storage (TES) System at engineering complex UiTM Shah Alam},
    year = {2013},
    booktitle = {2013 IEEE Conference on Systems, Process {\&} Control (ICSPC)},
    author = {Kassim, A H and Zain, Z M and Hadi, R A and Ismail, I},
    pages = {243--247},
    publisher = {IEEE},
    address = {Fac. of Electr. Eng., Univ. Teknol. Mara, Shah Alam, Malaysia},
}

@article{Whiffen2013AII,
    title = {A review of PCM technology for thermal energy storage in the built environment: {Part II}},
    year = {2013},
    journal = {International Journal of Low-Carbon Technologies},
    author = {Whiffen, T R and Riffat, S B},
    number = {3},
    pages = {159--164},
    volume = {8},
    publisher = {Oxford University Press},
    address = {Department of Architecture and Built Environment, University of Nottingham, University Park, Nottingham NG7 2RD, United Kingdom},
}

@article{Sole2013ReviewPCM,
    title = {Review of the T-history method to determine thermophysical properties of phase change materials (PCM)},
    year = {2013},
    journal = {Renewable and Sustainable Energy Reviews},
    author = {Sole, Aran and Miro, Laia and Barreneche, Camila and Martorell, Ingrid and Cabeza, Luisa F},
    pages = {425--436},
    volume = {26},
    publisher = {Elsevier Ltd},
    address = {GREA InnovacioConcurrent, Universitat de Lleida, Pere de Cabrera s/n, 25001-Lleida, Spain},
}

@article{Eddhahak-Ouni2013OnWallboards,
    title = {On an experimental innovative setup for the macro scale thermal analysis of materials: Application to the Phase Change Material (PCM) wallboards},
    year = {2013},
    journal = {Energy and Buildings},
    author = {Eddhahak-Ouni, Anissa and Colin, Johan and Bruneau, Denis},
    pages = {231--238},
    volume = {64},
    publisher = {Elsevier Ltd},
    address = {Universite Paris Est, Institut de Recherche en Constructibilite, ESTP, 28 Avenue du President Wilson, 94234 Cachan cedex, France},
}

@article{Sun2013StudyMaterials,
    title = {Study on preparation and thermal energy storage properties of binary paraffin blends/opal shape-stabilized phase change materials},
    year = {2013},
    journal = {Solar Energy Materials and Solar Cells},
    author = {Sun, Zhiming and Kong, Weian and Zheng, Shuilin and Frost, Ray L},
    pages = {400--407},
    volume = {117},
    publisher = {Elsevier},
    address = {School of Chemical and Environmental Engineering, China University of Mining and Technology, Beijing 100083, China},
}

@article{Zhang2013ThermalMaterial,
    title = {Thermal energy storage cement mortar containing n-octadecane/expanded graphite composite phase change material},
    year = {2013},
    journal = {Renewable Energy},
    author = {Zhang, Zhengguo and Shi, Guoquan and Wang, Shuping and Fang, Xiaoming and Liu, Xiaohong},
    pages = {670--675},
    series = {Renew. Energy (UK)},
    volume = {50},
    publisher = {Elsevier Science Ltd},
    address = {Key Lab. of Enhanced Heat Transfer Energy Conservation, the Minist. of Educ., South China Univ. of Technol., Guangzhou, China},
}

@techreport{Akbari1992CasePerformance,
    title = {Case Studies of Thermal Energy Storage (TES) Systems: Evaluation and Verification of System Performance},
    year = {1992},
    author = {Akbari, Hashem and Sezgen, O},
    publisher = {Lawrence Berkeley Laboratory},
    address = {Berkeley, CA}
}

@inproceedings{Supardi2014AirSystem,
    title = {Air conditioner unit with thermal energy storage by open loop system},
    year = {2014},
    booktitle = {4th International Conference on Mechanical and Manufacturing Engineering, ICME 2013, December 17, 2013 - December 18},
    author = {Supardi, Inra and Noranai, Zamri and Yusof, Mohammad Zainal Md},
    pages = {237--241},
    volume = {465-466},
    publisher = {Trans Tech Publications Ltd},
    address = {Universiti Tun Hussein Onn Malaysia, 86400 Parit Raja, Batu Pahat, Malaysia},
    isbn = {16609336},
}

@article{Al-Abidi2013ExperimentalSystem,
    title = {Experimental study of PCM melting in triplex tube thermal energy storage for liquid desiccant air conditioning system},
    year = {2013},
    journal = {Energy and Buildings},
    author = {Al-Abidi, A and Mat, S and Sopian, K and Sulaiman, M Y and Mohammad, A T},
    pages = {270--279},
    series = {Energy Build. (Switzerland)},
    volume = {60},
    publisher = {Elsevier Sequoia S.A},
    address = {Solar Energy Res. Inst., Univ. Kebangsaan Malaysia, Bangi, Malaysia},
}

@article{Roget2013StudyPlant,
    title = {Study of the KNO3-LiNO3 and KNO3-NaNO3-LiNO3 eutectics as phase change materials for thermal storage in a low-temperature solar power plant},
    year = {2013},
    journal = {Solar Energy},
    author = {Roget, F and Favotto, C and Rogez, J},
    pages = {155--169},
    series = {Sol. Energy (UK)},
    volume = {95},
    publisher = {Elsevier Science Ltd},
    address = {Inst. Mater. Microelectron. Nanosci. de Provence, Univ. du Sud Toulon Var, La Garde, France},
}

@article{Zalba2003ReviewApplications,
    title = {Review on thermal energy storage with phase change: materials, heat transfer analysis and applications},
    year = {2003},
    journal = {Applied Thermal Engineering},
    author = {Zalba, Belén and Marı́n, José Ma and Cabeza, Luisa F and Mehling, Harald},
    number = {3},
    pages = {251--283},
    volume = {23},
}

@article{Li2013PreparationStorage,
    title = {Preparation and characterization of PEG/SiO2 composites as shape-stabilized phase change materials for thermal energy storage},
    year = {2013},
    journal = {Solar Energy Materials and Solar Cells},
    author = {Li, Jingruo and He, Lihong and Liu, Tangzhi and Cao, Xuejuan and Zhu, Hongzhou},
    pages = {48--53},
    series = {Sol. Energy Mater. Sol. Cells (Netherlands)},
    volume = {118},
    publisher = {Elsevier Science B.V},
    address = {Sch. of Civil Eng. Archit., Chongqing Jiaotong Univ., Chongqing, China},
}

@article{Jeong2013EvaluationProperties,
    title = {Evaluation of PCM/diatomite composites using exfoliated graphite nanoplatelets (xGnP) to improve thermal properties},
    year = {2013},
    journal = {Journal of Thermal Analysis and Calorimetry},
    author = {Jeong, Su-Gwang and Jeon, Jisoo and Chung, Okyoung and Kim, Sumin and Kim, Sughwan},
    number = {2},
    pages = {689--698},
    volume = {114},
    publisher = {Springer Netherlands},
    address = {Building Environment and Materials Lab, School of Architecture, Soongsil University, Seoul 156-743, Korea, Republic of},
}

@misc{Terrapass2006DemandPower,
    title = {Demand Response 101: Efficiency Pools of Power},
    year = {2006},
    author = {{Terrapass}},
    number = {4/28},
    volume = {2014}
}

@article{Waqas2013PhaseReview,
    title = {Phase change material (PCM) storage for free cooling of buildings-A review},
    year = {2013},
    journal = {Renewable and Sustainable Energy Reviews},
    author = {Waqas, A and Ud Din, Z},
    pages = {607--625},
    series = {Renew. Sustain. Energy Rev. (UK)},
    volume = {18},
    publisher = {Elsevier Science Ltd},
    address = {Center for Energy Syst., Nat. Univ. of Sci. Technol. (NUST), Islamabad, Pakistan},
}

@inproceedings{Ma2013LowMaterials,
    title = {Low temperature solid state synthesis and characterisation of lauric acid/SiO2 phase change energy storage materials},
    year = {2013},
    author = {Ma, F and Zong, X G and Wang, R},
    pages = {s29-s32},
    volume = {17},
    publisher = {Maney Publishing},
    address = {School of Environmental Science and Engineering, Shandong University, Jinan 250100, China},
    isbn = {14328917},
}

@article{Qiu2013ThermalIsopropanol,
    title = {Thermal conductivity enhanced SiO2-Al2O3/PEG form-stable phase change material based on the sol-gel doping of aluminum isopropanol},
    year = {2013},
    journal = {Fuhe Cailiao Xuebao/Acta Materiae Compositae Sinica},
    author = {Qiu, Meige and Tang, Bingtao and Zhang, Shufen and Jia, Chao},
    number = {3},
    pages = {93--99},
    volume = {30},
    publisher = {Beijing University of Aeronautics and Astronautics (BUAA)},
    address = {State Key Laboratory of Fine Chemicals, Dalian University of Technology, Dalian 116024, China},
}

@article{Aydin2013FattyStorage,
    title = {Fatty acid ester-based commercial products as potential new phase change materials (PCMs) for thermal energy storage},
    year = {2013},
    journal = {Solar Energy Materials and Solar Cells},
    author = {Aydin, A A},
    pages = {98--104},
    series = {Sol. Energy Mater. Sol. Cells (Netherlands)},
    volume = {108},
    publisher = {Elsevier Science B.V},
    address = {Chem. Eng. Dept., Istanbul Tech. Univ., Istanbul, Turkey},
}

@article{SubbaramNaidu2011AdvancedControl,
    title = {Advanced control strategies for {HVAC}R systems - An overview: {Part II}: Soft and fusion control},
    year = {2011},
    journal = {{HVAC} and R Research},
    author = {Subbaram Naidu, D and Rieger, Craig G},
    number = {2},
    pages = {144--158},
    volume = {17},
    publisher = {Amer. Soc. Heating, Ref. Air-Conditoning Eng. Inc},
    address = {School of Engineering, Department of Electrical Engineering and Computer Science, Idaho State University, 921 S. 8th Avenue, Stop 8060, Pocatello, ID 83209-8060, United States; Idaho National Laboratory, P.O. Box 1625, Idaho Falls, ID 83415-3779, United S},
}

@inproceedings{McKenna2013AValidation,
    title = {A trnsys model of a building {HVAC} system with GSHP and PCM thermal energy storage - Component modelling and validation},
    year = {2013},
    booktitle = {13th Conference of International Building Performance Simulation Association, BS 2013, August 26, 2013 - August 28},
    author = {McKenna, Paul and Finn, Donal P},
    pages = {3336--3343},
    publisher = {International Building Performance Simulation Association},
    address = {School of Mechanical and Materials Engineering, University College Dublin, Ireland},
}

@inproceedings{VanEssen2009CharacterizationStorage,
    title = {Characterization of salt hydrates for compact seasonal thermochemical storage},
    year = {2009},
    booktitle = {ASME 2009 3rd International Conference on Energy Sustainability collocated with the Heat Transfer and InterPACK09 Conferences},
    author = {Van Essen, V M and Gores, J Cot and Bleijendaal, L P J and Zondag, H A and Schuitema, R and Bakker, M and van Helden, W G J},
    pages = {825--830},
    publisher = {American Society of Mechanical Engineers}
}

@techreport{ASHRAE2004ThermalOccupancy,
    title = {Thermal environmental conditions for human occupancy},
    year = {2004},
    booktitle = {ANSI/{ASHRAE} Standard 55-2013},
    author = {{ASHRAE}},
    publisher = {{ASHRAE}}
}

@article{Beghi2014EnergyStorage,
    title = {Energy efficient control of {HVAC} systems with ice cold thermal energy storage},
    year = {2014},
    author = {Beghi, Alessandro and Cecchinato, Luca and Rampazzo, Mirco and Simmini, Francesco},
    series = {Journal of Process Control},
    address = {Dipartimento di Ingegneria dell'Informazione, Universita di Padova, via Gradenigo 6/B, I-35131 Padova, Italy},
}

@inproceedings{Yu2014InfluenceBuilding,
    title = {Influence of intermittent operation on soil temperature and energy storage duration of ground-source heat pump system for residential building},
    year = {2014},
    booktitle = {8th International Symposium on Heating, Ventilation, and Air Conditioning, IS{HVAC} 2013, October 19, 2013 - October 21},
    author = {Yu, Tao and Liu, Zhimei and Chu, Guangming and Qu, Yunxia},
    pages = {203--213},
    volume = {262 LNEE},
    publisher = {Springer Verlag},
    address = {Key Lab. of Renewable Ener. Utiliz. Technol. in Bldg. of the Natl. Educ. Min., Shan Dong Jian Zhu University, Jinan, Shandong, 250101, China},
    isbn = {18761100},
}

@article{Kumar2013AdvancesSaving,
    title = {Advances in the building materials for thermal comfort and energy saving},
    year = {2013},
    journal = {Recent Patents on Engineering},
    author = {Kumar, Arun and Singh, O P},
    number = {3},
    pages = {220--232},
    volume = {7},
    publisher = {Bentham Science Publishers B.V},
    address = {School of Engineering, Indian Institute of Technology Mandi, H.P.-175001, India},
}

@article{Fu2013PreparationMaterials,
    title = {Preparation and characterization of binary fatty acid/SiO2 composite phase change energy storage materials},
    year = {2013},
    journal = {Gongneng Cailiao/Journal of Functional Materials},
    author = {Fu, Lu-Jun and Dong, Fa-Qin and Yang, Yu-Shan and He, Ping},
    number = {4},
    pages = {548--551},
    volume = {44},
    publisher = {Journal of Functional Materials},
    address = {School of Materials Science and Engineering, Southwest University of Science and Technology, Mianyang 621010, China},
}

@inproceedings{Halvgaard2013ThermalControl,
    title = {Thermal storage power balancing with model predictive control},
    year = {2013},
    booktitle = {2013 European Control Conference (ECC)},
    author = {Halvgaard, R and Poulsen, N K and Madsen, H and Jorgensen, J B},
    pages = {2567--2572},
    publisher = {IEEE},
    address = {Dept. of Appl. Math. Comput. Sci., Tech. Univ. of Denmark, Lyngby, Denmark},
}

@techreport{Nielsen1989RepresentationOpenings,
    title = {Representation of boundary conditions at supply openings},
    year = {1989},
    booktitle = {IEA, Annex 20, Aalborg University, Copenhagen, Denmark},
    author = {Nielsen, Peter V},
    publisher = {Dept. of Building Technology and Structural Engineering, Aalborg University}
}

@article{AliMemon2013PreparationBuildings,
    title = {Preparation, characterization and thermal properties of Lauryl alcohol/Kaolin as novel form-stable composite phase change material for thermal energy storage in buildings},
    year = {2013},
    journal = {Applied Thermal Engineering},
    author = {Ali Memon, Shazim and Yiu Lo, Tommy and Shi, Xian and Barbhuiya, Salim and Cui, Hongzhi},
    number = {1-2},
    pages = {336--347},
    volume = {59},
    publisher = {Elsevier Ltd},
    address = {Department of Civil and Architectural Engineering, City University of Hong Kong, Hong Kong, Hong Kong},
}

@article{Fuensanta2013ThermalStorage,
    title = {Thermal properties of a novel nanoencapsulated phase change material for thermal energy storage},
    year = {2013},
    journal = {Thermochimica Acta},
    author = {Fuensanta, Monica and Paiphansiri, Umaporn and Romero-Sanchez, Maria and Guillem, Celia and Lopez-Buendia, Angel and Landfester, Katharina},
    pages = {95--101},
    volume = {565},
    publisher = {Elsevier},
    address = {AIDICO, Technological Institute of Construction, Cami de Castella, 4, 03660 Novelda, Alicante, Spain},
}

@article{Parameshwaran2014EnergyBuildings,
    title = {Energy conservative air conditioning system using silver nano-based PCM thermal storage for modern buildings},
    year = {2014},
    journal = {Energy and Buildings},
    author = {Parameshwaran, R and Kalaiselvam, S},
    pages = {202--212},
    volume = {69},
    publisher = {Elsevier Ltd},
    address = {Department of Mechanical Engineering, Anna University, Chennai 600 025, Tamil Nadu, India},
}

@article{Bodart2002GlobalDaylighting,
    title = {Global energy savings in offices buildings by the use of daylighting},
    year = {2002},
    journal = {Energy and Buildings},
    author = {Bodart, M and De Herde, A},
    number = {5},
    pages = {421--429},
    volume = {34},
}

@article{Wang2013SynthesisPolyethylene-polyamine,
    title = {Synthesis and properties of form-stable phase change heat storage materials based on polyethylene-polyamine},
    year = {2013},
    journal = {Gaofenzi Cailiao Kexue Yu Gongcheng/Polymeric Materials Science and Engineering},
    author = {Wang, Yunming and Tang, Bingtao and Zhang, Shufen},
    number = {1},
    pages = {1--4},
    volume = {29},
    publisher = {Chengdu University of Science and Technology},
    address = {State Key Laboratory of Fine Chemicals, Dalian University of Technology, Dalian 116024, China},
}

@article{Sanaye2013FourApplications,
    title = {Four E analysis and multi-objective optimization of an ice thermal energy storage for air-conditioning applications},
    year = {2013},
    journal = {International Journal of Refrigeration},
    author = {Sanaye, S and Shirazi, A},
    number = {3},
    pages = {828--841},
    series = {Int. J. Refrig. (UK)},
    volume = {36},
    publisher = {Elsevier Science Ltd},
    address = {Sch. of Mech. Eng., Iran Univ. of Sci. Technol. (IUST), Tehran, Iran},
}

@techreport{Heikkinen1991Measurements1.17,
    title = {Measurements of test cases B2, B3, E2, E3 (isothermal and summer cooling cases), Research item 1.16 and 1.17},
    year = {1991},
    booktitle = {Technical Report, Technical Research Centre, Espoo, Finland},
    author = {Heikkinen, J},
    publisher = {IEA Annex 20, Technical Research Centre},
    address = {Finland}
}

@techreport{Chen2000SimplifiedModels,
    title = {Simplified diffuser boundary conditions for numerical room airflow models},
    year = {2000},
    booktitle = {{ASHRAE} RP-1009},
    author = {Chen, Qingyan and Srebric, Jelena}
}

@article{Cho2009MinimumBoxes,
    title = {Minimum airflow reset of single duct VAV terminal boxes},
    year = {2009},
    journal = {Building and Environment},
    author = {Cho, Young-Hum and Liu, Mingsheng},
    number = {9},
    pages = {1876--1885},
    volume = {44},
    publisher = {Elsevier}
}

@article{Turner2005UsingRatio,
    title = {Using ERV to improve sensible heat ratio},
    year = {2005},
    journal = {{ASHRAE} Journal},
    author = {Turner, Stephen C},
    number = {3},
    pages = {80--84},
    volume = {47},
    publisher = {Amer. Soc. Heating, Ref. Air-Conditoning Eng. Inc},
    address = {Brown University, Providence, RI, United States},
}

@article{Languri2013LatentEnclosures,
    title = {Latent thermal energy storage system using phase change material in corrugated enclosures},
    year = {2013},
    journal = {Applied Thermal Engineering},
    author = {Languri, E M and Aigbotsua, C O and Alvarado, J L},
    number = {1},
    pages = {1008--1014},
    series = {Appl. Therm. Eng. (UK)},
    volume = {50},
    publisher = {Elsevier Science Ltd},
    address = {Appl. Res. Assoc. Inc., Panama City, FL, United States},
}

@article{Geetha2013NovelBuildings,
    title = {Novel Concept of PCM Based Thermal Storage Integration in Active and Passive Cooling Systems for Energy Management in Buildings},
    year = {2013},
    journal = {Energy Engineering},
    author = {Geetha, N B and Velraj, R},
    number = {1},
    pages = {41--66},
    series = {Energy Eng. (USA)},
    volume = {110},
    publisher = {Taylor {\&} Francis Inc},
    address = {Coll. of Eng., Anna Univ., Chennai, India},
}

@article{Shang2013PreparedPerformance,
    title = {Prepared of PAR/POL/SOD-composite-wall microencapsulated and research of energy storage and humidity-control performance},
    year = {2013},
    journal = {Gongneng Cailiao/Journal of Functional Materials},
    author = {Shang, Jian-Li and Wang, Si and Dong, Li},
    number = {8},
    pages = {1141--1144},
    volume = {44},
    publisher = {Journal of Functional Materials},
    address = {Material Department, Xi'an University of Architecture and Technology, Xi'an 710055, China},
}

@book{Benedict1984FundamentalsMeasurements,
    title = {Fundamentals of temperature, pressure and flow measurements},
    year = {1984},
    author = {Benedict, Robert P},
    publisher = {John Wiley {\&} Sons}
}

@article{Kowalski2003DimensionalSystems,
    title = {Dimensional analysis of UVGI air disinfection systems},
    year = {2003},
    journal = {{HVAC} and R Research},
    author = {Kowalski, W J and Bahnfleth, W P and Rosenberger, J L},
    number = {3},
    pages = {347--362},
    volume = {9},
    publisher = {Amer. Soc. Heating, Ref. Air-Conditoning Eng. Inc},
    address = {Indoor Environment Center, Architectural Engineering Department, Pennsylvania State University, University Park, PA, United States; Department of Statistics, Pennsylvania State University, University Park, PA, United States},
}

@article{Olivieri2014EvaluationLoads,
    title = {Evaluation of commercial building demand response potential using optimal short-term curtailment of heating, ventilation, and air-conditioning loads},
    year = {2014},
    journal = {Journal of Building Performance Simulation},
    author = {Olivieri, Simon J. and Henze, Gregor P. and Corbin, Chad D. and Brandemuehl, Michael J.},
    number = {2},
    pages = {100--118},
    volume = {7},
    publisher = {Taylor and Francis Ltd},
    address = {Department of Civil, Environmental and Architectural Engineering, University of Colorado at Boulder, ECOT 441, UCB 428, Boulder, CO 80309, United States},
}

@article{Henze2002EconomicSystems,
    title = {Economic Analysis of Thermal Energy Storage Systems},
    year = {2002},
    journal = {Journal of Architectural Engineering},
    author = {Henze, Gregor P.},
    number = {4},
    pages = {133},
    volume = {8},
    publisher = {American Society of Civil Engineers},
}

@article{Memon2013DevelopmentSlag,
    title = {Development of form-stable composite phase change material by incorporation of dodecyl alcohol into ground granulated blast furnace slag},
    year = {2013},
    journal = {Energy and Buildings},
    author = {Memon, S A and Lo, T Y and Barbhuiya, S A and Xu, Weiting},
    pages = {360--367},
    series = {Energy Build. (Switzerland)},
    volume = {62},
    publisher = {Elsevier Sequoia S.A},
    address = {Dept. of Civil Archit. Eng., City Univ. of Hong Kong, Hong Kong, China},
}

@inproceedings{Ewert1991DefinitionCalculations,
    title = {Definition of the flow parameters at the room inlet devices-measurements and calculations},
    year = {1991},
    booktitle = {Proc. of 12th AIVC Conference},
    author = {Ewert, M and Renz, U and Vogl, N and Zeller, M},
    pages = {231--237},
    volume = {3}
}

@article{Liu2013MicroencapsulationApplications,
    title = {Microencapsulation of biobased phase change material by interfacial polycondensation for thermal energy storage applications},
    year = {2013},
    journal = {Journal of Biobased Materials and Bioenergy},
    author = {Liu, Cai-Hong and Yu, Xun},
    number = {3},
    pages = {331--335},
    volume = {7},
    publisher = {American Scientific Publishers},
    address = {Department of Mechanical and Industrial Engineering, University of Minnesota Duluth, Duluth, MN 55812, United States},
}

@article{Huang2013PreparationMaterials,
    title = {Preparation, characterization, and thermal properties of the microencapsulation of a hydrated salt as phase change energy storage materials},
    year = {2013},
    journal = {Thermochimica Acta},
    author = {Huang, Jin and Wang, Tingyu and Zhu, Panpan and Xiao, Junbin},
    pages = {1--6},
    volume = {557},
    publisher = {Elsevier},
    address = {Guangzhou Higher Education Mega Center, School of Materials and Energy, Guangdong University of Technology, B58 100 West Waihuan RD, 510006 Guangzhou, China},
}

@article{Meng2013CharacterizationMaterial,
    title = {Characterization and thermal conductivity of modified graphite/fatty acid eutectic/PMMA form-stable phase change material},
    year = {2013},
    journal = {Journal Wuhan University of Technology, Materials Science Edition},
    author = {Meng, Duo and Wang, Lijiu},
    number = {3},
    pages = {586--591},
    volume = {28},
    publisher = {Wuhan Ligong Daxue},
    address = {School of Civil and Architectural Engineering, Liaoning University of Technology, Jinzhou 121001, China},
}

@article{Cardenas2013HighTechniques,
    title = {High temperature latent heat thermal energy storage: Phase change materials, design considerations and performance enhancement techniques},
    year = {2013},
    journal = {Renewable and Sustainable Energy Reviews},
    author = {Cardenas, Bruno and Leon, Noel},
    pages = {724--737},
    volume = {27},
    publisher = {Elsevier Ltd},
    address = {CIDYT, Monterrey Institute of Technology, Ave. Eugenio Garza Sada 2501 South, Col. Tecnologico, 64849, Monterrey, Nuevo Leon, Mexico},
}

@article{Sari2013ErythritolStorage,
    title = {Erythritol tetra myristate and erythritol tetra laurate as novel phase change materials for low temperature thermal energy storage},
    year = {2013},
    journal = {Energy Sources, Part A: Recovery, Utilization and Environmental Effects},
    author = {Sari, A and Karaipekli, A and Eroglu, R and Bicer, A},
    number = {14},
    pages = {1285--1295},
    volume = {35},
    publisher = {Taylor and Francis Inc},
    address = {Department of Chemistry, Gaziosmanpasa University, Tokat, Turkey},
}

@misc{HorvathPassiveSystems,
    title = {Passive Design Systems},
    author = {Horvath, Sara},
    number = {5/6},
    volume = {2014}
}

@inproceedings{Deng2013OptimalProgramming,
    title = {Optimal scheduling of chiller plant with thermal energy storage using mixed integer linear programming},
    year = {2013},
    booktitle = {2013 American Control Conference (ACC)},
    author = {Deng, Kun and Sun, Yu and Chakraborty, A and Lu, Yan and Brouwer, J and Mehta, P G},
    pages = {2958--2963},
    publisher = {IEEE},
    address = {Dept. of Mech. Sci. Eng., Univ. of Illinois at Urbana-Champaign, Urbana, IL, United States},
}

@article{Schmidt2014ExperimentalHydroxide,
    title = {Experimental results of a 10 kW high temperature thermochemical storage reactor based on calcium hydroxide},
    year = {2014},
    journal = {Applied Thermal Engineering},
    author = {Schmidt, Matthias and Szczukowski, Christoph and Ro{\ss}kopf, Christian and Linder, Marc and W{\"{o}}rner, Antje},
    number = {2},
    pages = {553--559},
    volume = {62},
}

@article{Qiu2013MicroencapsulatedStorage,
    title = {Microencapsulated n-alkane with p(n-butyl methacrylate-co-methacrylic acid) shell as phase change materials for thermal energy storage},
    year = {2013},
    journal = {Solar Energy},
    author = {Qiu, Xiaolin and Song, Guolin and Chu, Xiaodong and Li, Xuezhu and Tang, Guoyi},
    pages = {212--220},
    volume = {91},
    publisher = {Elsevier Ltd},
    address = {Advanced Materials Institute and Clearer Production Key Laboratory, Graduate School at Shenzhen, Tsinghua University, Shenzhen 518055, China},
}

@article{Valavala2013CarbonationStorage,
    title = {Carbonation Characteristics of Isolated Calcium Oxide Nanoparticles for Thermal Energy Storage},
    year = {2013},
    journal = {Nanoscale and Microscale Thermophysical Engineering},
    author = {Valavala, K V and Tian, Hongxiang and Sinha, S},
    number = {3},
    pages = {204--215},
    series = {Nanoscale Microscale Thermophys. Eng. (USA)},
    volume = {17},
    publisher = {Taylor {\&} Francis},
    address = {Dept. of Mech. Sci. Eng., Univ. of Illinois at Urbana Champaign, Urbana, IL, United States},
}

@article{Asaoka2013MeasurementHydrate,
    title = {Measurement of latent heat of tetra-n-butylammonium bromide (TBAB) hydrate},
    year = {2013},
    journal = {International Journal of Refrigeration},
    author = {Asaoka, T and Kumano, H and Serita, M},
    number = {3},
    pages = {992--997},
    series = {Int. J. Refrig. (UK)},
    volume = {36},
    publisher = {Elsevier Science Ltd},
    address = {Dept. of Mech. Eng., Aoyama Gakuin Univ., Sagamihara, Japan},
}

@book{Webster2014MeasurementMeasurement,
    title = {Measurement, Instrumentation, and Sensors Handbook, Second Edition: Spatial, Time, and Mechanical Measurement},
    year = {2014},
    author = {{Webster} and Webster, John G},
    publisher = {CRC Press},
    isbn = {1-4398-4889-0}
}

@article{Fang2013PreparationMaterials,
    title = {Preparation and thermal performance of polystyrene/n-tetradecane composite nanoencapsulated cold energy storage phase change materials},
    year = {2013},
    journal = {Energy Conversion and Management},
    author = {Fang, Yutang and Yu, Huimin and Wan, Weijun and Gao, Xuenong and Zhang, Zhengguo},
    pages = {430--436},
    volume = {76},
    publisher = {Elsevier Ltd},
    address = {Key Laboratory of Enhanced Heat Transfer and Energy Conservation, Ministry of Education, South China University of Technology, Guangzhou 510640, China},
}

@article{Li2013FabricationStorage,
    title = {Fabrication and properties of microencapsulated paraffin@SiO2 phase change composite for thermal energy storage},
    year = {2013},
    journal = {ACS Sustainable Chemistry and Engineering},
    author = {Li, Benxia and Liu, Tongxuan and Hu, Luyang and Wang, Yanfen and Gao, Lina},
    number = {3},
    pages = {374--380},
    volume = {1},
    publisher = {American Chemical Society},
    address = {School of Materials Science and Engineering, Anhui University of Science and Technology, Huainan, Anhui 232001, China},
}

@article{Agyenim2010HeatArray,
    title = {Heat transfer enhancement in medium temperature thermal energy storage system using a multitube heat transfer array},
    year = {2010},
    journal = {Renewable Energy},
    author = {Agyenim, Francis and Eames, Philip and Smyth, Mervyn},
    number = {1},
    pages = {198--207},
    volume = {35},
}

@article{Jin2013OnPerformance,
    title = {On the importance of the location of PCMs in building walls for enhanced thermal performance},
    year = {2013},
    journal = {Applied Energy},
    author = {Jin, Xing and Medina, M A and Zhang, Xiaosong},
    pages = {72--78},
    series = {Appl. Energy (UK)},
    volume = {106},
    publisher = {Elsevier Science Ltd},
    address = {Sch. of Archit., Southeast Univ., Nanjing, China},
}

@article{Barreneche2013EffectPCM,
    title = {Effect of d-mannitol polymorphism in its thermal energy storage capacity when it is used as PCM},
    year = {2013},
    journal = {Solar Energy},
    author = {Barreneche, C and Gil, A and Sheth, F and Ines Fernandez, A and Cabeza, L F},
    pages = {344--351},
    series = {Sol. Energy (UK)},
    volume = {94},
    publisher = {Elsevier Science Ltd},
    address = {GREA Innovacio Concurrent, Univ. de Lleida, Lleida, Spain},
}

@article{Tang2014AStorage,
    title = {A full-band sunlight-driven carbon nanotube/PEG/SiO2 composites for solar energy storage},
    year = {2014},
    journal = {Solar Energy Materials and Solar Cells},
    author = {Tang, Bingtao and Wang, Yunming and Qiu, Meige and Zhang, Shufen},
    pages = {7--12},
    series = {Sol. Energy Mater. Sol. Cells (Netherlands)},
    volume = {123},
    publisher = {Elsevier Science B.V},
    address = {State Key Lab. of Fine Chem., Dalian Univ. of Technol., Dalian, China},
}

@inproceedings{Li2013MetallicStorage,
    title = {Metallic composites phase-change materials for hightemperature thermal energy storage},
    year = {2013},
    booktitle = {ASME 2013 7th International Conference on Energy Sustainability, ES 2013 Collocated with the ASME 2013 Heat Transfer Summer Conference and the ASME 2013 11th International Conference on Fuel Cell Science, Engineering and Technology, July 14, 2013 - July 1},
    author = {Li, Xiaobo and Wang, Hengzhi and Wang, Hui and Kim, Sohae and Esfarjani, Keivan and Ren, Zhifeng and Chen, Gang},
    pages = {Advanced Energy Systems Division, Solar Energy Div},
    publisher = {American Society of Mechanical Engineers},
    address = {Department of Mechanical Engineering, Massachusetts Institute of Technology, Massachusetts, MA 02139, United States},
}

@article{Parameshwaran2013EnergyBuildings,
    title = {Energy efficient hybrid nanocomposite-based cool thermal storage air conditioning system for sustainable buildings},
    year = {2013},
    journal = {Energy},
    author = {Parameshwaran, R and Kalaiselvam, S},
    pages = {194--214},
    volume = {59},
    publisher = {Elsevier Ltd},
    address = {Department of Mechanical Engineering, Anna University, Chennai - 600 025, India},
}

@article{Shi2013PreparationMaterials,
    title = {Preparation and performance of myristic acid /silicon dioxide composites as thermal energy storage materials},
    year = {2013},
    journal = {Advanced Materials Research},
    author = {Shi, Qisong and Liu, Kuilong},
    number = {2},
    pages = {1086--1089},
    series = {Adv. Mater. Res. (Switzerland)},
    volume = {602-604},
    publisher = {Trans Tech Publications Ltd},
    address = {Dept. of Mater. Sci. Eng., Beijing Inst. of Petrochem. Technol., Beijing, China},
}

@article{Basecq2013Short-termReview,
    title = {Short-term storage systems of thermal energy for buildings: a review},
    year = {2013},
    journal = {Advances in Building Energy Research},
    author = {Basecq, Vincent and Michaux, Ghislain and Inard, Christian and Blondeau, Patrice},
    number = {1},
    pages = {66--119},
    volume = {7},
    publisher = {Taylor and Francis Ltd},
    address = {Laboratoire des Sciences de l'Ingenieur pour l'Environnement, FRE CNRS 3474, Universite de La Rochelle, Avenue Michel Crepeau, 17042, La Rochelle, Cedex 1, France},
}

@article{Chieruzzi2013EffectStorage,
    title = {Effect of nanoparticles on heat capacity of nanofluids based on molten salts as PCM for thermal energy storage},
    year = {2013},
    journal = {Nanoscale Research Letters},
    author = {Chieruzzi, Manila and Cerritelli, Gian F and Miliozzi, Adio and Kenny, Jose M},
    number = {1},
    volume = {8},
    publisher = {Springer New York},
    address = {Civil and Environmental Engineering Department, UdR INSTM, University of Perugia, Strada di Pentima, 4, 05100 Terni, Italy},
}

@inproceedings{ElHayek2013StudyStorage,
    title = {Study and Analysis of Thermal Energy Storage},
    year = {2013},
    booktitle = {International Conference on Electrical and Electronics Engineering, Clean Energy and Green Computing (EEECEGC 2013)},
    author = {El Hayek, H and Horro, R and Moubayed, N},
    pages = {151--157},
    publisher = {Society of Digital Information and Wireless Communications (SDIWC)},
    address = {Renewable Energy Dept., Lebanese Univ. St. Joseph Univ., Beirut, Lebanon},
}

@article{Kolpak2011Azobenzene-FunctionalizedFuels,
    title = {Azobenzene-Functionalized Carbon Nanotubes As High-Energy Density Solar Thermal Fuels},
    year = {2011},
    journal = {Nano Letters},
    author = {Kolpak, Alexie M and Grossman, Jeffrey C},
    number = {8},
    pages = {3156--3162},
    volume = {11},
    publisher = {American Chemical Society},
}

@article{Nielsen1992TheDistribution,
    title = {The description of supply openings in numerical models for room air distribution},
    year = {1992},
    journal = {{ASHRAE} Transactions},
    author = {Nielsen, Peter V},
    number = {1},
    pages = {963--971},
    volume = {98},
    publisher = {Dept. of Building Technology and Structural Engineering, Aalborg University}
}

@article{Aydin2013PolyurethaneMaterial,
    title = {Polyurethane rigid foam composites incorporated with fatty acid ester-based phase change material},
    year = {2013},
    journal = {Energy Conversion and Management},
    author = {Aydin, A A and Okutan, H},
    pages = {74--81},
    series = {Energy Convers. Manag. (UK)},
    volume = {68},
    publisher = {Elsevier Science Ltd},
    address = {Chem. Eng. Dept., Istanbul Tech. Univ., Istanbul, Turkey},
}

@article{Kousksou2014EnergyChallenges,
    title = {Energy storage: Applications and challenges},
    year = {2014},
    journal = {Solar Energy Materials and Solar Cells},
    author = {Kousksou, T and Bruel, P and Jamil, A and El Rhafiki, T and Zeraouli, Y},
    pages = {59--80},
    series = {Sol. Energy Mater. Sol. Cells (Netherlands)},
    volume = {120},
    publisher = {Elsevier Science B.V},
    address = {Lab. des Sci. de l'Ingenieur Appl. a la Mec. et au Genie Electr. (SIAME), Univ. de Pau et des Pays de l'Adour - IFR - A. Jules Ferry, Pau, France},
}

@article{Ling2013UseOverview,
    title = {Use of phase change materials for thermal energy storage in concrete: An overview},
    year = {2013},
    journal = {Construction and Building Materials},
    author = {Ling, Tung-Chai and Poon, Chi-Sun},
    pages = {55--62},
    volume = {46},
    publisher = {Elsevier Ltd},
    address = {Department of Civil and Environmental Engineering, Hong Kong Polytechnic University, Hung Hom, Kowloon, Hong Kong},
}

@article{Zhou2013HighlyStorage,
    title = {Highly conductive porous graphene/ceramic composites for heat transfer and thermal energy storage},
    year = {2013},
    journal = {Advanced Functional Materials},
    author = {Zhou, Mi and Lin, Tianquan and Huang, Fuqiang and Zhong, Yajuan and Wang, Zhou and Tang, Yufeng and Bi, Hui and Wan, Dongyun and Lin, Jianhua},
    number = {18},
    pages = {2263--2269},
    volume = {23},
    publisher = {Wiley-VCH Verlag},
    address = {CAS Key Laboratory of Materials for Energy Conversion, Shanghai Institute of Ceramics, Chinese Academy of Sciences, Shanghai 200050, China},
}

@article{Li2014ApplicationSystem,
    title = {Application of pattern matching method for detecting faults in air handling unit system},
    year = {2014},
    journal = {Automation in Construction},
    author = {Li, Shun and Wen, Jin},
    number = {0},
    pages = {49--58},
    volume = {43},
}

@article{Scofield2009DoReally,
    title = {Do LEED-certified buildings save energy? Not really{\ldots}},
    year = {2009},
    journal = {Energy and Buildings},
    author = {Scofield, John H},
    number = {12},
    pages = {1386--1390},
    volume = {41},
}

@inproceedings{Borghesan2013ApproximateStorage,
    title = {Approximate dynamic programming-based control of a building cooling system with thermal storage},
    year = {2013},
    booktitle = {2013 4th IEEE/PES Innovative Smart Grid Technologies Europe (ISGT EUROPE)},
    author = {Borghesan, F and Vignali, R and Piroddi, L and Prandini, M and Strelec, M},
    pages = {5 pp.},
    publisher = {IEEE},
    address = {DEIB, Politec. di Milano, Milan, Italy},
}

@article{Rathod2013ThermalReview,
    title = {Thermal stability of phase change materials used in latent heat energy storage systems: A review},
    year = {2013},
    journal = {Renewable and Sustainable Energy Reviews},
    author = {Rathod, M K and Banerjee, J},
    pages = {246--258},
    series = {Renew. Sustain. Energy Rev. (UK)},
    volume = {18},
    publisher = {Elsevier Science Ltd},
    address = {Dept. of Mech. Eng., S.V. Nat. Inst. of Technol., Surat, India},
}

@article{Wang2013StructureMaterials,
    title = {Structure and thermal performance of poly(styrene-co-maleic anhydride)-g-alkyl alcohol comb-like copolymeric phase change materials},
    year = {2013},
    journal = {Thermochimica Acta},
    author = {Wang, Haixia and Shi, Haifeng and Qi, Miao and Zhang, Lingjian and Zhang, Xingxiang and Qi, Lu},
    pages = {34--38},
    volume = {564},
    publisher = {Elsevier},
    address = {State Key Laboratory of Hollow Fiber Membrane Materials and Processes, School of Materials Science and Engineering, Tianjin Polytechnic University, Tianjin 300387, China},
}

@article{Xu2005AnUncertainties,
    title = {An optimization-based approach for facility energy management with uncertainties},
    year = {2005},
    journal = {{HVAC} and R Research},
    author = {Xu, Jun and Luh, Peter B and Jerdonek, Ron and Shaikh, Khalil and Blankson, William E},
    number = {2},
    pages = {215--237},
    volume = {11},
    publisher = {Amer. Soc. Heating, Ref. Air-Conditoning Eng. Inc},
    address = {Department of Electrical and Computer Engineering, University of Connecticut, Storrs, CT, United States; Power Manage and Control System (PMCS) Group, GE Industrial Systems, Plainville, CT, United States},
}

@article{Chen1995ComparisonComputations,
    title = {Comparison of different k-{$\epsilon$} models for indoor air flow computations},
    year = {1995},
    journal = {Numerical Heat Transfer, Part B Fundamentals},
    author = {Chen, Q},
    number = {3},
    pages = {353--369},
    volume = {28},
    publisher = {Taylor {\&} Francis}
}

@article{Zhang2007OptimalCabin,
    title = {Optimal sensor placement for airborne contaminant detection in an aircraft cabin},
    year = {2007},
    journal = {{HVAC} and R Research},
    author = {Zhang, Tengfei and Chen, Qingyan and Lin, Chao-Hsin},
    number = {5},
    pages = {683--696},
    volume = {13},
    publisher = {Amer. Soc. Heating, Ref. Air-Conditoning Eng. Inc},
    address = {School of Mechanical Engineering, Purdue University, West Lafayette, IN, United States; Boeing Commercial Airplanes Group, Seattle, WA, United States},
}

@article{Hartman2005DesigningPrinciple,
    title = {Designing efficient systems with the equal marginal performance principle},
    year = {2005},
    journal = {{ASHRAE} Journal},
    author = {Hartman, Thomas},
    number = {7},
    pages = {64--70},
    volume = {47},
    publisher = {Amer. Soc. Heating, Ref. Air-Conditoning Eng. Inc},
    address = {Hartman Company, Georgetown, TX, United States},
}

@inproceedings{Chen1991SimulationDiffuser,
    title = {Simulation of a multiple-nozzle diffuser},
    year = {1991},
    booktitle = {Proc. of 12th AIVC Conference},
    author = {Chen, Q and Moser, A},
    pages = {1--14},
    volume = {2}
}

@article{Sun2013PeakReview,
    title = {Peak load shifting control using different cold thermal energy storage facilities in commercial buildings: A review},
    year = {2013},
    journal = {Energy Conversion and Management},
    author = {Sun, Yongjun and Wang, Shengwei and Xiao, Fu and Gao, Diance},
    pages = {101--114},
    series = {Energy Convers. Manag. (UK)},
    volume = {71},
    publisher = {Elsevier Science Ltd},
    address = {Dept. of Building Services Eng., Hong Kong Polytech. Univ., Hong Kong, China},
}

@article{Ye2013Multi-walledStorage,
    title = {Multi-walled carbon nanotubes added to Na2CO3/MgO composites for thermal energy storage},
    year = {2013},
    author = {Ye, Feng and Ge, Zhiwei and Ding, Yulong and Yang, Jun},
    series = {Particuology},
    address = {State Key Laboratory of Multiphase Complex Systems, Institute of Process Engineering, Chinese Academy of Sciences, Beijing 100190, China},
}

@article{Zhang2013StructureMaterials,
    title = {Structure and thermal performance of poly(ethylene glycol) alkylether (Brij)/porous silica (MCM-41) composites as shape-stabilized phase change materials},
    year = {2013},
    journal = {Thermochimica Acta},
    author = {Zhang, Lingjian and Shi, Haifeng and Li, Weiwei and Han, Xu and Zhang, Xingxiang},
    pages = {1--7},
    volume = {570},
    publisher = {Elsevier},
    address = {State Key Lab of Hollow Fiber Membrane Materials and Processes, Institute of Functional Fibers, Tianjin Polytechnic University, Tianjin 300387, China},
}

@article{Florita2009ComparisonControl,
    title = {Comparison of short-term weather forecasting models for model predictive control},
    year = {2009},
    journal = {{HVAC} and R Research},
    author = {Florita, Anthony R. and Henze, Gregor P.},
    number = {5},
    pages = {835--853},
    volume = {15},
    publisher = {Amer. Soc. Heating, Ref. Air-Conditoning Eng. Inc},
    address = {Department of Civil, Environmental and Architectural Engineering, University of Colorado at Boulder, Boulder, CO, United States},
}

@article{Babrauskas1992HeatHazard,
    title = {Heat release rate: The single most important variable in fire hazard},
    year = {1992},
    journal = {Fire Safety Journal},
    author = {Babrauskas, Vytenis and Peacock, Richard D},
    number = {3},
    pages = {255--272},
    volume = {18},
}

@article{Bicer2013NewStorage,
    title = {New kinds of energy-storing building composite PCMs for thermal energy storage},
    year = {2013},
    journal = {Energy Conversion and Management},
    author = {Bicer, A and Sari, A},
    pages = {148--156},
    series = {Energy Convers. Manag. (UK)},
    volume = {69},
    publisher = {Elsevier Science Ltd},
    address = {Dept. of Chem., Gaziosmanpasa Univ., Tokat, Turkey},
}

@article{Chen2013ElectrospunStorage,
    title = {Electrospun polyethylene glycol/cellulose acetate phase change fibers with core-sheath structure for thermal energy storage},
    year = {2013},
    journal = {Renewable Energy},
    author = {Chen, Changzhong and Zhao, Yiyang and Liu, Wenmin},
    pages = {222--225},
    volume = {60},
    publisher = {Elsevier Ltd},
    address = {School of Chemistry and Pharmacy Engineering, Nanyang Normal University, Nanyang 473061, China},
}

@article{Yu2013Al-Si-Mg-CuProperties,
    title = {Al-Si-Mg-Cu Heat Storage Alloys and Their Heat Storage Properties},
    year = {2013},
    journal = {Materials Science Forum},
    author = {Yu, Sirong and Xu, Jun and Zhang, Xiaohua and Yao, Qiang and Xu, Shumiao},
    pages = {24--28},
    series = {Mater. Sci. Forum (Switzerland)},
    volume = {743-744},
    publisher = {Trans Tech Publications Ltd},
    address = {Coll. of Mech. Electron. Eng., China Univ. of Pet., Qingdao, China},
}

@article{SubbaramNaidu2011AdvancedControlb,
    title = {Advanced control strategies for heating, ventilation, air-conditioning, and refrigeration systems - An overview: {Part I}: Hard control},
    year = {2011},
    journal = {{HVAC} and R Research},
    author = {Subbaram Naidu, D and Rieger, Craig G},
    number = {1},
    pages = {2--21},
    volume = {17},
    publisher = {Amer. Soc. Heating, Ref. Air-Conditoning Eng. Inc},
    address = {Department or Electrical Engineering and Computer Science, Idaho State University, Pocatello, ID, United States; Idaho National Laboratory, Idaho Falls, ID, United States; School of Engineering, United States; ICIS, United States},
}

@article{Cai2013ElectrospunEnergy,
    title = {Electrospun nanofibrous mats absorbed with fatty acid eutectics as an innovative type of form-stable phase change materials for storage and retrieval of thermal energy},
    year = {2013},
    journal = {Solar Energy Materials and Solar Cells},
    author = {Cai, Yibing and Zong, Xue and Zhang, Jingjing and Hu, Yiyuan and Wei, Qufu and He, Guangfei and Wang, Xiaoxu and Zhao, Yong and Fong, Hao},
    pages = {160--168},
    series = {Sol. Energy Mater. Sol. Cells (Netherlands)},
    volume = {109},
    publisher = {Elsevier Science B.V},
    address = {Key Lab. of Eco-Textiles, Jiangnan Univ., Wuxi, China},
}

@article{Zhang2010BotanicalFiltration,
    title = {Botanical air filtration},
    year = {2010},
    journal = {{ASHRAE} Journal},
    author = {Zhang, Jensen and Wang, Zhiqiang and Ren, Dacheng},
    number = {12},
    pages = {138--140},
    volume = {52},
    publisher = {Amer. Soc. Heating, Ref. Air-Conditoning Eng. Inc},
    address = {Building Energy and Environmental Systems Laboratory, Department of Mechanical and Aerospace Engineering, Syracuse University, Syracuse, NY, United States; Department of Biomedical and Chemical Engineering, Syracuse University, United States},
}

@article{Zheng2013EncapsulatedCalorimetry,
    title = {Encapsulated phase change materials for energy storage - Characterization by calorimetry},
    year = {2013},
    journal = {Solar Energy},
    author = {Zheng, Ying and Zhao, Weihuan and Sabol, J C and Tuzla, K and Neti, S and Oztekin, A and Chen, J C},
    pages = {117--126},
    series = {Sol. Energy (UK)},
    volume = {87},
    publisher = {Elsevier Science Ltd},
    address = {P.C. Rossin Coll. of Eng. Appl. Sci, Lehigh Univ., Bethlehem, PA, United States},
}

@article{Xiao2014DataPerformance,
    title = {Data mining in building automation system for improving building operational performance},
    year = {2014},
    journal = {Energy and Buildings},
    author = {Xiao, Fu and Fan, Cheng},
    number = {0},
    pages = {109--118},
    volume = {75},
}

@article{Pertzborn2011ImpactDesign,
    title = {Impact of weather variation on ground-source heat pump design},
    year = {2011},
    journal = {{HVAC} and R Research},
    author = {Pertzborn, Amanda and Nellis, Greg and Klein, Sanford},
    number = {2},
    pages = {174--185},
    volume = {17},
    publisher = {Amer. Soc. Heating, Ref. Air-Conditoning Eng. Inc},
    address = {University of Wisconsin-Madison, Solar Energy Lab., 1337 Engineering Research Building, 1500 Engineering Dr., Madison, WI 53706, United States},
}

@article{Braun2002AnPrediction,
    title = {An inverse gray-box model for transient building load prediction},
    year = {2002},
    journal = {{HVAC} and R Research},
    author = {Braun, James E. and Chaturvedi, Nitin},
    number = {1},
    pages = {73--99},
    volume = {8},
    publisher = {Amer. Soc. Heating, Ref. Air-Conditoning Eng. Inc},
    address = {School of Mechanical Engineering, Ray W. Herrick Laboratories, Purdue University, West Lafayette, IN, United States},
}

@article{Sun2013PreparationMaterials,
    title = {Preparation and thermal energy storage properties of paraffin/calcined diatomite composites as form-stable phase change materials},
    year = {2013},
    journal = {Thermochimica Acta},
    author = {Sun, Zhiming and Zhang, Yuzhong and Zheng, Shuilin and Park, Yuri and Frost, Ray L},
    pages = {16--21},
    volume = {558},
    publisher = {Elsevier},
    address = {School of Chemical and Environmental Engineering, China University of Mining and Technology, Beijing 100083, China},
}

@article{Memon2013PreparationMaterial,
    title = {Preparation, characterization and thermal properties of dodecanol/cement as novel form-stable composite phase change material},
    year = {2013},
    journal = {Energy and Buildings},
    author = {Memon, Shazim Ali and Lo, Tommy Yiu and Cui, Hongzhi and Barbhuiya, Salim},
    pages = {697--705},
    volume = {66},
    publisher = {Elsevier Ltd},
    address = {Department of Civil and Architectural Engineering, City University of Hong Kong, Hong Kong, Hong Kong},
}

@misc{U.S.DepartmentofEnergy2012NewBuildings,
    title = {New Construction - Commercial Reference Buildings},
    year = {2012},
    author = {{U.S. Department of Energy}},
    number = {7/23},
    volume = {2014}
}

@article{Li2013FacileMaterial,
    title = {Facile preparation and adjustable thermal property of stearic acid-graphene oxide composite as shape-stabilized phase change material},
    year = {2013},
    journal = {Chemical Engineering Journal},
    author = {Li, Benxia and Liu, Tongxuan and Hu, Luyang and Wang, Yanfen and Nie, Shibin},
    pages = {819--826},
    volume = {215-216},
    publisher = {Elsevier},
    address = {School of Materials Science and Engineering, Anhui University of Science and Technology, Huainan, Anhui 232001, China},
}

@article{Haberl1996TheResults,
    title = {The great energy predictor shootout II: measuring retrofit savings-overview and discussion of results},
    year = {1996},
    journal = {{ASHRAE} Transactions},
    author = {Haberl, Jeff S and Thamilseran, Sabaratnan},
    pages = {419--435},
    volume = {102}
}

@article{Radermacher2008OptimizationR,
    title = {"Optimization" and {HVAC} and R},
    year = {2008},
    journal = {{HVAC} and R Research},
    author = {Radermacher, Reinhard and Abdelaziz, Omar},
    number = {6},
    pages = {817--818},
    volume = {14},
    publisher = {Amer. Soc. Heating, Ref. Air-Conditoning Eng. Inc},
    address = {Atlanta, GA 30329, United States},
}

@article{Sun2006CalibrationRP-1051,
    title = {Calibration of building energy simulation programs using the analytic optimization approach (RP-1051)},
    year = {2006},
    journal = {{HVAC} and R Research},
    author = {Sun, Jian and Reddy, T A},
    number = {1},
    pages = {177--196},
    volume = {12},
    publisher = {Amer. Soc. Heating, Ref. Air-Conditoning Eng. Inc},
    address = {Turbine Air Systems Inc., Houston, TX, United States; Department of Civil Architectural and Environmental Engineering, Drexel University, Philadelphia, PA, United States},
}

@article{Kurnia2013ImprovedTES,
    title = {Improved design for heat transfer performance of a novel phase change material (PCM) thermal energy storage (TES)},
    year = {2013},
    journal = {Applied Thermal Engineering},
    author = {Kurnia, J C and Sasmito, A P and Jangam, S V and Mujumdar, A S},
    number = {1},
    pages = {896--907},
    series = {Appl. Therm. Eng. (UK)},
    volume = {50},
    publisher = {Elsevier Science Ltd},
    address = {Dept. of Mech. Eng., Nat. Univ. of Singapore, Singapore, Singapore},
}

@article{Sothen2009ABanks,
    title = {A semi-empirical pressure drop model: {Part II}-multi-element pleated filter banks},
    year = {2009},
    journal = {{HVAC} and R Research},
    author = {Sothen, Ryan A and Tatarchuk, Bruce J},
    number = {2},
    pages = {269--286},
    volume = {15},
    publisher = {Amer. Soc. Heating, Ref. Air-Conditoning Eng. Inc},
    address = {Department of Chemical Engineering, Auburn University, Auburn, AL, United States; Department of Chemical Engineering, Auburn University, Center of Microfibrous Materials Manufacturing, Auburn, AL, United States},
}

@article{Quartararo2006OptimalSystems,
    title = {Optimal whole building control systems},
    year = {2006},
    journal = {{ASHRAE} Journal},
    author = {Quartararo, Louis and Roth, Kurt and Brodrick, James},
    number = {3},
    pages = {66--68},
    volume = {48},
    publisher = {Amer. Soc. Heating, Ref. Air-Conditoning Eng. Inc},
    address = {Electronic Systems Unit, TIAX, Cambridge, MA, United States; {HVAC}, Refrigeration Technology Sector, TIAX, Cambridge, MA, United States; Building Technologies Program, U.S. Department of Energy, Washington, DC, United States},
}

@misc{CSPWorld2013USProjects,
    title = {US DOE to boost thermochemical energy storage with {\$}20 M for new research projects},
    year = {2013},
    author = {{CSP World}},
    number = {May/27},
    volume = {2014}
}

@article{Jiang2007GeneralAnalysisb,
    title = {General methodology combining engineering optimization of primary {HVAC\&R} plants with decision analysis methods - {Part II}: Uncertainty and decision analysis},
    year = {2007},
    journal = {{HVAC} and R Research},
    author = {Jiang, Wei and Reddy, T A and Gurian, Patrick},
    number = {1},
    pages = {119--140},
    volume = {13},
    publisher = {Amer. Soc. Heating, Ref. Air-Conditoning Eng. Inc},
    address = {Pacific Northwest National Laboratory, Richland, WA, United States; Department of Civil Architectural and Environmental Engineering, Drexel University, Philadelphia, PA, United States},
}

@inproceedings{Li2014StudyEngineering,
    title = {Study on thermal storage performance of phase change heat storage type air conditioning cooling reservoir in civil air defense engineering},
    year = {2014},
    booktitle = {8th International Symposium on Heating, Ventilation, and Air Conditioning, IS{HVAC} 2013, October 19, 2013 - October 21},
    author = {Li, Guozhu and Feng, Guohui and Xu, Xiaolong and He, Na and Li, Huixing and Chen, Qizhen},
    pages = {497--508},
    volume = {262 LNEE},
    publisher = {Springer Verlag},
    address = {School of Municipal and Environment Engineering, Shenyang Jianzhu University, 110168 Shenyang, China},
    isbn = {18761100},
}

@inproceedings{Xuemei2009BuildingLS-SVM,
    title = {Building cooling load forecasting model based on LS-SVM},
    year = {2009},
    booktitle = {Information Processing, 2009. APCIP 2009. Asia-Pacific Conference on},
    author = {Xuemei, Li and Jin-hu, Lu and Lixing, Ding and Gang, Xu and Jibin, Li},
    pages = {55--58},
    volume = {1},
    publisher = {IEEE}
}

@article{Chen2013PreparationBuildings,
    title = {Preparation and characteristics of microencapsulated stearic acid as composite thermal energy storage material in buildings},
    year = {2013},
    journal = {Energy and Buildings},
    author = {Chen, Zhi and Cao, Lei and Shan, Feng and Fang, Guiyin},
    pages = {469--474},
    series = {Energy Build. (Switzerland)},
    volume = {62},
    publisher = {Elsevier Sequoia S.A},
    address = {Sch. of Phys., Nanjing Univ., Nanjing, China},
}

@article{Zhao2013HighStorage,
    title = {High temperature calorimetry and use of magnesium chloride for thermal energy storage},
    year = {2013},
    journal = {Renewable Energy},
    author = {Zhao, Weihuan and Zheng, Ying and Sabol, Joseph C and Tuzla, Kemal and Neti, Sudhakar and Oztekin, Alparslan and Chen, John C},
    pages = {988--993},
    volume = {50},
    publisher = {Elsevier Ltd},
    address = {Mechanical Engineering and Mechanics, P.C. Rossin College of Engineering and Applied Science, Lehigh University, Bethlehem, PA 18015, United States},
}

@article{Zeng2013MyristicStorage,
    title = {Myristic acid/polyaniline composites as form stable phase change materials for thermal energy storage},
    year = {2013},
    journal = {Solar Energy Materials and Solar Cells},
    author = {Zeng, Ju-Lan and Zhu, Fu-Rong and Yu, Sai-Bo and Xiao, Zhong-Liang and Yan, Wen-Pei and Zheng, Shuang-Hao and Zhang, Ling and Sun, Li-Xian and Cao, Zhong},
    pages = {136--140},
    series = {Sol. Energy Mater. Sol. Cells (Netherlands)},
    volume = {114},
    publisher = {Elsevier Science B.V},
    address = {Hunan Provincial Key Lab. of Mater. Protection for Electr. Power Transp., Changsha Univ. of Sci. Technol., Changsha, China},
}

@article{Murphy2012TotalSystem,
    title = {Total energy wheel control in a dedicated OA system},
    year = {2012},
    journal = {{ASHRAE} Journal},
    author = {Murphy, John},
    number = {3},
    pages = {46--58},
    volume = {54},
}

@techreport{ASHRAE2009EconomicRP,
    title = {Economic Database in Support of {ASHRAE} 90.2 (Energy-Efficient Design of Low-Rise Residential Buildings) - 1481 RP},
    year = {2009},
    author = {{ASHRAE}},
    number = {May},
    volume = {2},
}

@article{Chabaud2015AFrance,
    title = {A new approach to energy resources management in a grid-connected building equipped with energy production and storage systems: a case study in the south of France},
    year = {2015},
    journal = {Energy and Buildings},
    author = {Chabaud, Aurélie and Eynard, Julien and Grieu, Stéphane},
    pages = {9--31},
    volume = {99},
}

@article{Kim2015DevelopmentBuildings,
    title = {Development and Experimental Demonstration of a Plug-and-PlayMultiple RTU Coordination Control Algorithm for Small/MediumCommercial Buildings},
    year = {2015},
    journal = {Energy and Buildings},
    author = {Kim, D. and Braun, J.E. and Cai, J. and Fugate, D.L.},
    publisher = {Elsevier B.V.},
    isbn = {1765586607},
}

@article{Azar2011OptimizingApproach,
    title = {Optimizing the Performance of Energy-Intensive Commercial Buildings : Occupancy-Focused Data Collection and Analysis Approach},
    year = {2011},
    journal = {Journal of Computing in Civil Engineering},
    author = {Azar, Elie and Ph, D and Menassa, Carol C and Ph, D and Asce, A M},
    pages = {1--11},
}

@article{Zhang2007AirBuildings,
    title = {Air movement preferences observed in office buildings},
    year = {2007},
    journal = {International Journal of Biometeorology},
    author = {Zhang, Hui and Arens, Edward and Fard, Sahar Abbaszadeh and Huizenga, Charlie and Paliaga, Gwelen and Brager, Gail and Zagreus, Leah},
    number = {5},
    pages = {349--360},
    volume = {51},
    isbn = {00207128 (ISSN)},
    pmid = {17235538},
}

@article{Gagge1986AEnvironment,
    title = {A standard predictive index of human response to the thermal environment},
    year = {1986},
    journal = {{ASHRAE} Transactions},
    author = {Gagge, A.P. and Fobelets, A.P. and Berglund, L.G.},
    number = {2B},
    pages = {709--731},
    volume = {92}
}

@inproceedings{Hagras200AControl,
    title = {A hierarchical fuzzy-genetic multi-agent architecture for intelligent buildings online learning, adaptation and control},
    year = {200},
    booktitle = {International Conference on Recent Advances is Soft Computing},
    author = {Hagras, Hani and Callaghan, Victor and Colley, Martin and Clarke, Graham}
}

@phdthesis{Kim2014DevelopmentUse,
    title = {Development of an Improved Methodology for Analyzing Existing Single-family Residential Energy Use},
    year = {2014},
    author = {Kim, Kee Han},
    school = {Texas A{\&}M University}
}

@phdthesis{Braun2015TheUK,
    title = {The Effects of Location and Climate Change on the Energy Consumption of Supermarkets in the UK},
    year = {2015},
    author = {Braun, Martin R},
    school = {University of Sheffield}
}

@article{OCallaghan1977Sol-AirTemperature,
    title = {Sol-Air Temperature},
    year = {1977},
    journal = {Applied Energy},
    author = {O'Callaghan, P.W. and Probert, S.D.},
    number = {4},
    pages = {307--311},
    volume = {3}
}

@inproceedings{Alhaider2015MixedOperation,
    title = {Mixed Integer Programming for {HVAC}s Operation},
    year = {2015},
    booktitle = {Power {\&} Energy Society General Meeting},
    author = {Alhaider, Mohemmed and Fan, Lingling},
    pages = {1--5},
    address = {Denver},
    isbn = {9781467380409}
}

@article{Park2015EstimatingBills,
    title = {Estimating thermal performance and energy saving potential of residential buildings using Utility bills},
    year = {2015},
    journal = {Energy and Buildings},
    author = {Park, J.S. and Lee, Suk Joo and Kim, Kee Han and Kwon, Kyung Woo and Jeong, Jae-Weon},
}

@article{Li2015ExtendingMethods,
    title = {Extending the virtual refrigerant charge sensor (VRC) for variable refrigerant flow (VRF) air conditioning system using data-based analysis methods},
    year = {2015},
    journal = {Applied Thermal Engineering},
    author = {Li, Guannan and Hu, Yunpeng and Chen, Huanxin and Shen, Limei and Li, Haorong and Li, Jiong and Hu, Wenju},
}

@article{Shin2015PredictionClimate,
    title = {Prediction of cooling energy use in buildings using an enthalpy-based cooling degree days method in a hot and humid climate},
    year = {2015},
    journal = {Energy and Buildings},
    author = {Shin, Minjae and Do, Sung Lok},
}

@article{Sehar2016APreferences,
    title = {A peak-load reduction computing tool sensitive to commercial building environmental preferences},
    year = {2016},
    journal = {Applied Energy},
    author = {Sehar, Fakeha and Pipattanasomporn, Manisa and Rahman, Saifur},
    pages = {279--289},
    volume = {161},
}

@article{Zhang2015ExperimentalFeedback,
    title = {Experimental study on a novel fuzzy control method for static pressure reset based on the maximum damper position feedback},
    year = {2015},
    journal = {Energy and Buildings},
    author = {Zhang, Jili and Li, Xiuming and Zhao, Tianyi and Dai, Wuhe},
    pages = {215--222},
    volume = {108},
}

@article{Li2015BuildingsAnalysis,
    title = {Building's electricity consumption prediction using optimized artificial neural networks and principal component analysis},
    year = {2015},
    journal = {Energy and Buildings},
    author = {Li, Kangji and Hu, Chenglei and Liu, Guohai and Xue, Wenping},
    pages = {106--113},
    volume = {108},
}

@article{Amiri2015UsingU.S,
    title = {Using Multiple Regression Analysis to Develop Energy Consumption Indicators for Commercial Buildings in the U.S},
    year = {2015},
    journal = {Energy and Buildings},
    author = {Amiri, Shideh Shams and Mottahedi, Mohammad and Asadi, Somayeh},
    pages = {209--216},
    volume = {109},
}

@article{Lee2007Whole-buildingDetection,
    title = {Whole-building commercial {HVAC} system simulation for use in energy consumption fault detection},
    year = {2007},
    journal = {Ashrae Transactions 2007 Vol 113, Pt 2},
    author = {Lee, S U and Painter, F L and Claridge, D E},
    pages = {52--61},
    volume = {113},
    isbn = {0001-2505},
}

@inproceedings{Beghi2015ASystems,
    title = {A Data-Driven Approach for Fault Diagnosis in {HVAC} Chiller Systems},
    year = {2015},
    booktitle = {IEEE Conference on Control Applications (CCA)},
    author = {Beghi, Alessandro and Brignoli, Riccardo and Cecchinato, Luca and Menegazzo, Gabriele and Rampazzo, Mirco},
    pages = {966--971},
    address = {Sydney, Australia},
    isbn = {9781479977871},
}

@article{Yang2016SimultaneousNetworks,
    title = {Simultaneous control of indoor air temperature and humidity for a chilled water based air conditioning system using neural networks},
    year = {2016},
    journal = {Energy and Buildings},
    author = {Yang, Qinmin and Zhu, Jianhua and Xu, Xiangguo and Lu, Jiangang},
    pages = {159--169},
    volume = {110},
}

@article{Dounis2016ElectrochromicApproach,
    title = {Electrochromic device modeling using an adaptive neuro-fuzzy inference system: A model-free approach},
    year = {2016},
    journal = {Energy and Buildings},
    author = {Dounis, Anastasios I. and Leftheriotis, G. and Stavrinidis, S. and Syrrokostas, G.},
    pages = {182--194},
    volume = {110},
}

@article{Costa2015InferringData,
    title = {Inferring Daily Routines from Electricity Meter Data},
    year = {2015},
    journal = {Energy and Buildings},
    author = {Costa, Nuno and Matos, Inês},
    pages = {294--301},
    volume = {110},
}

@article{Tianyi2016AnSystem,
    title = {An optimal differential pressure reset strategy based on the most unfavorable thermodynamic loop on-line identification for a variable water flow air conditioning system},
    year = {2016},
    journal = {Energy and Buildings},
    author = {Tianyi, Zhao and Liangdong, Ma and Jili, Zhang},
    pages = {257--268},
    volume = {110},
}

@article{So2015ABuildings,
    title = {A high level method to disaggregate electricity for cluster-Metered buildings},
    year = {2015},
    journal = {Energy and Buildings},
    author = {So, Nicholas and Richman, Russell},
}

@article{Lu2016TheSystems,
    title = {The application of linear regression and the power law relationship of air-side heat transfer with field measurements to model the performance of run-around heat recovery systems},
    year = {2016},
    journal = {Energy and Buildings},
    author = {Lu, Tao and L{\"{u}}, Xiaoshu and Kibert, Charles and Puttonen, Jari},
    pages = {453--467},
    volume = {110},
}

@article{Zorita2016ABuildings,
    title = {A statistical modeling approach to detect anomalies in energetic efficiency of buildings},
    year = {2016},
    journal = {Energy and Buildings},
    author = {Zorita, Angel L. and Fern{\'{a}}ndez-Temprano, Miguel A. and Garc{\'{i}}a-Escudero, Luis-Angel and Duque-Perez, Oscar},
    pages = {377--386},
    volume = {110},
}

@article{Taki2015HeatGreenhouse,
    title = {Heat transfer and MLP Neural Network models to predict inside environment variables and energy lost in a semi-solar greenhouse},
    year = {2015},
    journal = {Energy and Buildings},
    author = {Taki, Morteza and Ajabshirchi, Yahya and Ranjbar, Seyed Faramarz and Rohani, Abbas and Matloobi, Mansour},
    pages = {314--329},
    volume = {110},
}

@article{Fang2015TheSystem,
    title = {The evaluation of operation performance of {HVAC} system based on the ideal operation level of system},
    year = {2015},
    journal = {Energy and Buildings},
    author = {Fang, Xing and Jin, Xinqiao and Du, Zhimin and Wang, Yijun},
    pages = {330--344},
    volume = {110},
}

@phdthesis{Leij2015AEurope,
    title = {A quantitative analysis of current and future electricity demand patterns in Europe},
    year = {2015},
    author = {Leij, Hilko van der},
    school = {Utrecht University}
}

@article{Ellis1998InstabilityRegression,
    title = {Instability of Least Squares, Least Absolute Deviation and Least Median of Squares Linear Regression},
    year = {1998},
    journal = {Statistical Science},
    author = {Ellis, Steven},
    number = {4},
    pages = {337--344},
    volume = {13},
    isbn = {08834237},
}

@article{Kumar2015IndoorBuildings,
    title = {Indoor air quality and energy management through real-time sensing in commercial buildings},
    year = {2015},
    journal = {Energy and Buildings},
    author = {Kumar, Prashant and Martani, Claudio and Morawska, Lidia and Norford, Leslie and Choudhary, Ruchi and Bell, Margaret and Leach, Matt},
    pages = {145--153},
    volume = {111},
}

@article{Mojumder2016ApplicationSystem,
    title = {Application of support vector machine for prediction of electrical and thermal performance in PV/T system},
    year = {2016},
    journal = {Energy and Buildings},
    author = {Mojumder, Juwel Chandra and Ong, Hwai Chyuan and Chong, Wen Tong and Shamshirband, Shahaboddin},
    pages = {267--277},
    volume = {111},
}

@article{Zhou2015RecognitionApproach,
    title = {Recognition of air-conditioner operation from indoor air temperature and relative humidity by a data mining approach},
    year = {2015},
    journal = {Energy and Buildings},
    author = {Zhou, Hao and Qiao, Lifeng and Jiang, Yi and Sun, Hejiang and Chen, Qingyan},
    pages = {233--241},
    volume = {111},
}

@article{Hilliard2016DevelopmentCollege,
    title = {Development of a whole building model predictive control strategy for a LEED silver community college},
    year = {2016},
    journal = {Energy and Buildings},
    author = {Hilliard, Trent and Swan, Lukas and Kavgic, Miroslava and Qin, Zheng and Lingras, Pawan},
    pages = {224--232},
    volume = {111},
}

@article{Chae2016ArtificialBuildings,
    title = {Artificial neural network model for forecasting sub-hourly electricity usage in commercial buildings},
    year = {2016},
    journal = {Energy and Buildings},
    author = {Chae, Young Tae and Horesh, Raya and Hwang, Youngdeok and Lee, Young M.},
    pages = {184--194},
    volume = {111},
}

@article{Ascione2015Simulation-basedComfort,
    title = {Simulation-based model predictive control by the multi-objective optimization of building energy performance and thermal comfort},
    year = {2015},
    journal = {Energy and Buildings},
    author = {Ascione, Fabrizio and Bianco, Nicola and De Stasio, Claudio and Mauro, Gerardo Maria and Vanoli, Giuseppe Peter},
    pages = {131--144},
    volume = {111},
}

@article{Jalori2015AABSTRACT,
    title = {A Unified Inverse Modeling Framework for Whole-Building Energy Interval Data : Daily and Hourly Baseline Modeling and Short-Term Load Forecasting ABSTRACT},
    year = {2015},
    journal = {{ASHRAE} Transactions},
    author = {Jalori, Saurabh and Reddy, T Agami},
    number = {2},
    volume = {121}
}

@article{Masuda2015ContinuousData,
    title = {Continuous Building Energy Data Monitoring Using Recursive Least Squares Filter and CUSUM Change Detection: Application to Energy Balance Load Data},
    year = {2015},
    journal = {{ASHRAE} Transactions},
    author = {Masuda, Hiroko and Claridge, David E},
    number = {1},
    pages = {361--374},
    volume = {121}
}

@inproceedings{Hu2015DETECTIONMAXIMIZATION,
    title = {DETECTION OF CHILLER ENERGY EFFICIENCY FAULTS USING EXPECTATION MAXIMIZATION},
    year = {2015},
    booktitle = {Proceedings of the ASME 2015 International Design Engineering Technical Conferences {\&} Computers and Information in Engineering Conference},
    author = {Hu, R Lily and Granderson, Jessica and Agogino, Alice},
    address = {Boston, USA}
}

@article{Jhansi2015MonitoringIOT,
    title = {Monitoring and Characterization of Miscellaneous Electrical Loads in INDUSTRIES using CPS and IOT},
    year = {2015},
    journal = {International Journal of Science, Engineering and Technology Research},
    author = {Jhansi, P. and Kishore, D. and Krishna, R.V.V.},
    number = {11},
    pages = {3945--3952},
    volume = {4},
}

@article{Steele1986AlgorithmsRegression,
    title = {Algorithms and complexity for least median of squares regression},
    year = {1986},
    journal = {Discrete Applied Mathematics},
    author = {Steele, J.M. and Steiger, W.L.},
    number = {1},
    pages = {93--100},
    volume = {14},
}

@article{Kalore2003DynamicSystem,
    title = {Dynamic control of a building fluid distribution system},
    year = {2003},
    journal = {Proceedings of 2003 IEEE Conference on Control Applications, 2003. CCA 2003.},
    author = {Kalore, P. and Ahmed, O. and Cascia, M.},
    pages = {1215--1220},
    isbn = {0-7803-7729-X},
}

@article{Hydeman2003AFans,
    title = {A fresh look at fans},
    year = {2003},
    journal = {HPAC Heating, Piping, AirConditioning Engineering},
    author = {Hydeman, M and Stein, J},
    number = {5},
    pages = {28--30},
    volume = {75},
}

@article{Cho2005TransientSystems,
    title = {Transient pattern analysis for fault detection and diagnosis of {HVAC} systems},
    year = {2005},
    journal = {Energy Conversion and Management},
    author = {Cho, Sung-Hwan and Yang, Hoon-Cheol and Zaheer-uddin, M. and Ahn, Byung-Cheon},
    number = {18-19},
    pages = {3103--3116},
    volume = {46},
}

@article{Du2007DetectionSystems,
    title = {Detection and diagnosis for sensor fault in {HVAC} systems},
    year = {2007},
    journal = {Energy Conversion and Management},
    author = {Du, Zhimin and Jin, Xinqiao},
    number = {3},
    pages = {693--702},
    volume = {48},
}

@article{Hjortland2015VirtualDiagnostics,
    title = {Virtual sensors for RTU air-side diagnostics},
    year = {2015},
    journal = {Science and Technology for the Built Environment},
    author = {Hjortland, Andrew L. and Braun, James E.},
    number = {January},
    pages = {00--00},
    volume = {4731},
}

@article{ONeill2016DevelopmentPerformance,
    title = {Development of a probabilistic graphical model for predicting building energy performance},
    year = {2016},
    journal = {Applied Energy},
    author = {O’Neill, Zheng and O’Neill, Charles},
    pages = {650--658},
    volume = {164},
}

@article{Harish2016ASystems,
    title = {A review on modeling and simulation of building energy systems},
    year = {2016},
    journal = {Renewable and Sustainable Energy Reviews},
    author = {Harish, V.S.K.V. and Kumar, Arun},
    pages = {1272--1292},
    volume = {56},
}

@article{Li2015AnAlgorithm,
    title = {An Improved Fault Detection Method for Incipient Centrifugal Chiller Faults Using the PCA-R-SVDD Algorithm},
    year = {2015},
    journal = {Energy and Buildings},
    author = {Li, Guannan and Hu, Yunpeng and Chen, Huanxin and Shen, Limei and Li, Haorong and Hu, Min and Liu, Jiangyan and Sun, Kaizheng},
}

@article{Kim2015ComparisonProjects,
    title = {Comparison between Current Industry Methods and an Energy Simulation Model for Quantifying Energy Service Projects},
    year = {2015},
    journal = {Journal of Architectural Engineering},
    author = {Kim, Amy and Haberl, Jeff and Anderson, Stuart},
}

@article{Kim2015CurrentLearned,
    title = {Current Industry Methods for Quantifying Energy Service Projects : Key Findings and Lessons Learned},
    year = {2015},
    journal = {Journal of Architectural Engineering},
    author = {Kim, Amy and Anderson, Stuart and Haberl, Jeff},
}

@article{Ghahramani2016EnergySavings,
    title = {Energy savings from temperature setpoints and deadband: Quantifying the influence of building and system properties on savings},
    year = {2016},
    journal = {Applied Energy},
    author = {Ghahramani, Ali and Zhang, Kenan and Dutta, Kanu and Yang, Zheng and Becerik-Gerber, Burcin},
    pages = {930--942},
    volume = {165},
}

@article{Habib2016FindingClustering,
    title = {Finding the different patterns in buildings data using bag of words representation with clustering},
    year = {2016},
    author = {Habib, Usman and Zucker, Gerhard},
}

@article{Tyagi2016ThermalBuildings,
    title = {Thermal performance assessment of encapsulated PCM based thermal management system to reduce peak energy demand in Buildings},
    year = {2016},
    journal = {Energy and Buildings},
    author = {Tyagi, V.V. and Pandey, A.K. and Buddhi, D. and Kothari, Richa},
}

@inproceedings{Ghahramani2015QuantifyingConsumption,
    title = {Quantifying the influence of temperature setpoints, building and system features on energy consumption},
    year = {2015},
    booktitle = {2015 Winter Simulation Conference},
    author = {Ghahramani, Ali and Dutta, Kanu and Yang, Zheng and Ozcelik, Gokce and Beccerik-Gerber, Burcin},
    editor = {{Intergovernmental Panel on Climate Change}},
    pages = {1000--1011},
    publisher = {Cambridge University Press},
    address = {Cambridge},
    arxivId = {arXiv:1011.1669v3},
}

@article{Oliveira-Lima2016LoadMonitoring,
    title = {Load forecast on intelligent buildings based on temporary occupancy monitoring},
    year = {2016},
    journal = {Energy and Buildings},
    author = {Oliveira-Lima, Jose A. and Morais, Ramiro and Martins, J.F. and Florea, Adrian and Lima, Celson},
    pages = {512--521},
    volume = {116},
}

@article{Kapsalis2016SolarMaterials,
    title = {Solar thermal energy storage and heat pumps with phase change materials},
    year = {2016},
    journal = {Applied Thermal Engineering},
    author = {Kapsalis, V. and Karamanis, D.},
}

@article{Wang2016MethodologyLevels,
    title = {Methodology of comprehensive building energy performance diagnosis for large commercial buildings at multiple levels},
    year = {2016},
    journal = {Applied Energy},
    author = {Wang, Huilong and Xu, Peng and Lu, Xing and Yuan, Dengkuo},
    pages = {14--27},
    volume = {169},
}

@article{Reddy1998UncertaintySavings,
    title = {Uncertainty in Baseline Regression Modeling and in Determination of Retrofit Savings},
    year = {1998},
    journal = {Journal of Solar Energy Engineering},
    author = {Reddy, T. a. and Kissock, J. K. and Ruch, D. K.},
    number = {3},
    pages = {185},
    volume = {120},
}

@inproceedings{Vadon1991ImprovementMethod,
    title = {Improvement of the solar calculations in the modified bin method},
    year = {1991},
    booktitle = {{ASHRAE} Transactions},
    author = {Vadon, M. and Kreider, J.F. and Norford, Leslie K.},
    pages = {204--211}
}

@article{Sonderegger1985TrakloadBuildings,
    title = {Trakload - energy analysis and energy audits in commercial buildings},
    year = {1985},
    journal = {Proceedings of Building Simulation 1985},
    author = {Sonderegger, Robert C},
    pages = {72--79},
}

@article{Oliver2016StatisticalData,
    title = {Statistical models to infer gas end-use efficiency in individual dwellings using smart metered data},
    year = {2016},
    journal = {Sustainable Cities and Society},
    author = {Oliver, Ronan and Duffy, Aidan and Kilgallon, Ian},
    pages = {1--10},
    volume = {23},
}

@misc{CaliforniaEnergyCommission2013BuildingBuildings,
    title = {Building Energy Efficiency Standards for Residential and Nonresidential Buildings},
    year = {2013},
    author = {{California Energy Commission}},
    isbn = {CEC-400-2006-015}
}

@article{Zhao2016DiagnosticSensors,
    title = {Diagnostic bayesian networks for diagnosing air handling units faults - {Part I}: faults in dampers, fans, filters and sensors},
    year = {2016},
    journal = {Applied Thermal Engineering},
    author = {Zhao, Yang and Wen, Jin and Xiao, Fu and Yang, Xuebin and Wang, Shengwei},
}

@article{Do2016DevelopmentBuilding,
    title = {Development and validation of a custom-built ground heat exchanger model for a case study building},
    year = {2016},
    journal = {Energy and Buildings},
    author = {Do, Sung Lok and Haberl, Jeff},
    pages = {242--255},
    volume = {119},
}

@article{Jiang2016ScalableGossip,
    title = {Scalable Supervisory Control of Building Energy Systems using Generalized Gossip},
    year = {2016},
    author = {Jiang, Zhanhong and Kohl, Adam}
}

@article{Amber2016DevelopmentMethod,
    title = {Development of a Typical Hourly Electricity Consumption Profile for Student Residence Halls Based on Central Tendency Method},
    year = {2016},
    journal = {The Nucleus},
    author = {Amber, K P and Aslam, W and Bashir, M A},
    number = {1},
    pages = {14--25},
    volume = {1},
}

@article{Fernandez2016SuccessStudies,
    title = {Success of Commercial Building Retuning in Federal Buildings : Results and Case Studies},
    year = {2016},
    journal = {Journal of Architectural Engineering},
    author = {Fernandez, Nick and Taasevigen, Danny and Underhill, Ronald M},
    pages = {1--10},
}

@article{Lazarova-molnarFaultChallenges,
    title = {Fault Detection and Diagnosis for Smart Buildings : State of the Art , Trends and Challenges},
    author = {Lazarova-molnar, Sanja and Shaker, Hamid Reza and Mohamed, Nader and J{\o}rgensen, Bo Nørregaard},
}

@article{MohamedCE-BEMSSystem,
    title = {CE-BEMS : A Cloud-Enabled Building Energy Management System},
    author = {Mohamed, Nader and Lazarova-molnar, Sanja and Al-jaroodi, Jameela},
}

@article{Katipamula2016TransactionalBuildings,
    title = {Transactional Network: Improving Efficiency and Enabling Grid Services for Buildings},
    year = {2016},
    journal = {Science and Technology for the Built Environment},
    author = {Katipamula, Srinivas and Lutes, Robert and Hernandez, George and Haack, Jereme and Akyol, Bora},
    number = {April},
    pages = {00--00},
    volume = {4731},
}

@article{Katipamula2005ReviewII,
    title = {Review Article: Methods for Fault Detection, Diagnostics, and Prognostics for Building Systems---A Review, {Part II}},
    year = {2005},
    journal = {{HVAC\&R} Research},
    author = {Katipamula, Srinivas and Brambley, Michael},
    number = {2},
    pages = {169--187},
    volume = {11},
    isbn = {1078-9669},
}

@article{Katipamula2005ReviewI,
    title = {Review Article: Methods for Fault Detection, Diagnostics, and Prognostics for Building Systems---A Review, {Part I}},
    year = {2005},
    journal = {{HVAC\&R} Research},
    author = {Katipamula, Srinivas and Brambley, Michael},
    number = {1},
    pages = {3--25},
    volume = {11},
    isbn = {10789669 (ISSN)},
}@article{Qin2005a,
    title = {A fault detection and diagnosis strategy of VAV air-conditioning systems for improved energy and control performances},
    year = {2005},
    journal = {Energy and Buildings},
    author = {Qin, Jianying and Wang, Shengwei},
    number = {10},
    pages = {1035--1048},
    volume = {37},
}

@article{Yang2008a,
    title = {Sequential rule based algorithms for temperature sensor fault detection in air handling units},
    year = {2008},
    journal = {Energy Conversion and Management},
    author = {Yang, Hooncheul and Cho, Soo and Tae, Choon-Seob and Zaheeruddin, M.},
    number = {8},
    pages = {2291--2306},
    volume = {49},
}

@article{Ginestet2008,
    title = {Evaluation of faults impacts on energy consumption and indoor air quality on an air handling unit},
    year = {2008},
    journal = {Energy and Buildings},
    author = {Ginestet, S. and Marchio, D. and Morisot, O.},
    number = {1},
    pages = {51--57},
    volume = {40},
}

@article{Wang2005a,
    title = {Sensor fault detection and validation of {VAV} terminals in air conditioning systems},
    year = {2005},
    journal = {Energy Conversion and Management},
    author = {Wang, Shengwei and Qin, Jianying},
    number = {15-16},
    pages = {2482--2500},
    volume = {46},
}

@article{Cui2005,
    title = {A model-based online fault detection and diagnosis strategy for centrifugal chiller systems},
    year = {2005},
    journal = {International Journal of Thermal Sciences},
    author = {Cui, Jingtan and Wang, Shengwei},
    number = {10},
    pages = {986--999},
    volume = {44},
}

@article{Wang2008b,
    title = {Performance improvement of {VAV} air conditioning system through feedforward compensation decoupling and genetic algorithm},
    year = {2008},
    journal = {Applied Thermal Engineering},
    author = {Wang, Jun and Wang, Yan},
    number = {5-6},
    pages = {566--574},
    volume = {28},
}

@article{Zhao2013a,
    title = {An intelligent chiller fault detection and diagnosis methodology using Bayesian belief network},
    year = {2013},
    journal = {Energy and Buildings},
    author = {Zhao, Yang and Xiao, Fu and Wang, Shengwei},
    pages = {278--288},
    volume = {57},
}

@article{Zhao2013,
    title = {Pattern recognition-based chillers fault detection method using Support Vector Data Description (SVDD)},
    year = {2013},
    journal = {Applied Energy},
    author = {Zhao, Yang and Wang, Shengwei and Xiao, Fu},
    pages = {1041--1048},
    volume = {112},
}

@article{Magoules2013,
    title = {Development of an RDP neural network for building energy consumption fault detection and diagnosis},
    year = {2013},
    journal = {Energy and Buildings},
    author = {Magoul{\`{e}}s, Frédéric and Zhao, Hai-xiang and Elizondo, David},
    pages = {133--138},
    volume = {62},
}

@article{Yan2014,
    title = {ARX model based fault detection and diagnosis for chillers using support vector machines},
    year = {2014},
    journal = {Energy and Buildings},
    author = {Yan, Ke and Shen, Wen and Mulumba, Timothy and Afshari, Afshin},
    pages = {287--295},
    volume = {81},
}

@article{Zhao2013b,
    title = {A statistical fault detection and diagnosis method for centrifugal chillers based on exponentially-weighted moving average control charts and support vector regression},
    year = {2013},
    journal = {Applied Thermal Engineering},
    author = {Zhao, Yang and Wang, Shengwei and Xiao, Fu},
    number = {1-2},
    pages = {560--572},
    volume = {51},
}

@article{Li2016,
    title = {An improved fault detection method for incipient centrifugal chiller faults using the PCA-R-SVDD algorithm},
    year = {2016},
    journal = {Energy and Buildings},
    author = {Li, Guannan and Hu, Yunpeng and Chen, Huanxin and Shen, Limei and Li, Haorong and Hu, Min and Liu, Jiangyan and Sun, Kaizheng},
    pages = {104--113},
    volume = {116},
}

@article{Zhao2014,
    title = {Field implementation and evaluation of a decoupling-based fault detection and diagnostic method for chillers},
    year = {2014},
    journal = {Energy and Buildings},
    author = {Zhao, Xinzhi and Yang, Mo and Li, Haorong},
    pages = {419--430},
    volume = {72},
}

@article{Zhao2015a,
    title = {Lab test of three fault detection and diagnostic methods’ capability of diagnosing multiple simultaneous faults in chillers},
    year = {2015},
    journal = {Energy and Buildings},
    author = {Zhao, Xinzhi},
    pages = {43--51},
    volume = {94},
}

@article{Tran2015,
    title = {A robust online fault detection and diagnosis strategy of centrifugal chiller systems for building energy efficiency},
    year = {2015},
    journal = {Energy and Buildings},
    author = {Tran, Dinh Anh Tuan and Chen, Youming and Chau, Minh Quang and Ning, Baisong},
    pages = {441--453},
    volume = {108},
}

@article{Hu2016,
    title = {Sensitivity analysis for PCA-based chiller sensor fault detection},
    year = {2016},
    journal = {International Journal of Refrigeration},
    author = {Hu, Yunpeng and Li, Guannan and Chen, Huanxin and Li, Haorong and Liu, Jiangyan},
    pages = {133--143},
    volume = {63},
}

@article{Gao2016a,
    title = {A system-level fault detection and diagnosis method for low delta-T syndrome in the complex {HVAC} systems},
    year = {2016},
    journal = {Applied Energy},
    author = {Gao, Dian-ce and Wang, Shengwei and Shan, Kui and Yan, Chengchu},
    pages = {1028--1038},
    volume = {164},
}

@article{Wang2015,
    title = {Chiller gradual fault detection based on Independent Component Analysis},
    year = {2015},
    journal = {2015 27th Chinese Control and Decision Conference},
    author = {Wang, Pu and Xin, Jiaojiao and Gao, Xuejin and Zhang, Yachao},
    pages = {2434--2438},
    isbn = {9781479970162},
}

@article{Rostek2015,
    title = {Early detection and prediction of leaks in fluidized-bed boilers using artificial neural networks},
    year = {2015},
    journal = {Energy},
    author = {Rostek, Kornel and Morytko, Łukasz and Jankowska, Anna},
    pages = {914--923},
    volume = {89},
}

@inproceedings{David2015,
    title = {Modeling, Identification and Detection of Faults in Industrial Boiler(July20 15)},
    year = {2015},
    booktitle = {2015 IEEE International Conference on Technological Innovations in I CT for Agriculture and Rural Development},
    author = {David, Navaseelan Paul},
    number = {TIAR},
    pages = {197--201},
    isbn = {9781479977581}
}

@article{Benson2015,
    title = {Using One-Class Support Vector Machine for the Fault Diagnosis of},
    year = {2015},
    journal = {Modares Journal of Electrical Engineering},
    author = {Benson, Industrial Once-through},
    number = {3},
    pages = {41--47},
    volume = {12},
}

@inproceedings{Jeffries2014,
    title = {Early detection of boiler leakage in a combined cycle power plant using an auto associative kernel regression model},
    year = {2013},
    booktitle = {Proc. of ASME Turbo Expo 2013},
    author = {Jeffries, Brien and Hines, J Wesley and Klein, Albert and Palm{\'{e}}, Thomas and Bay{\`{e}}re, Romain},
    pages = {1--11}
}

@inproceedings{Berahman2013,
    title = {Fault Detection in Kerman Combined Cycle Power Plant Boilers by Means of Support Vector machine Classifier Algorithms and PCA},
    year = {2013},
    booktitle = {3rd International Conference on Control, Instrumentation, and Automation},
    author = {Berahman, M and Safavi, A A and Shahrbabaki, M Rostami},
    pages = {290--295},
    isbn = {9781479931170}
}

@techreport{ASHRAE-RP-1043,
    title = {{ASHRAE} RP-1043 Fault Detection and Diagnostic (FDD) Requirements and Evaluation Tools for Chillers},
    year = {1999},
    author = {Comstock, M.C. and Braun, James E.}
}

@article{Masuda2014StatisticalBuildings,
    title = {Statistical modeling of the building energy balance variable for screening of metered energy use in large commercial buildings},
    year = {2014},
    journal = {Energy and Buildings},
    author = {Masuda, Hiroko and Claridge, David E.},
    pages = {292--303},
    volume = {77},
}

@article{Cho2004EffectBuildings,
    title = {Effect of length of measurement period on accuracy of predicted annual heating energy consumption of buildings},
    year = {2004},
    journal = {Energy Conversion and Management},
    author = {Cho, Sung-Hwan and Kim, Won-Tae and Tae, Choon-Soeb and Zaheeruddin, M},
    number = {18-19},
    pages = {2867--2878},
    volume = {45},
}

@article{Kolokotsa2016DevelopmentPlatform,
    title = {Development of a web based energy management system for University Campuses: The CAMP-IT platform},
    year = {2016},
    journal = {Energy and Buildings},
    author = {Kolokotsa, Dionysia and Gobakis, Kostas and Papantoniou, S. and Georgatou, C. and Kampelis, N. and Kalaitzakis, Kostas and Vasilakopoulou, K. and Santamouris, Mat},
    pages = {119--135},
    volume = {123},
}

@article{Vesterberg2016AGain,
    title = {A single-variate building energy signature approach for periods with substantial solar gain},
    year = {2016},
    journal = {Energy and Buildings},
    author = {Vesterberg, Jimmy and Andersson, Staffan and Olofsson, Thomas},
    pages = {185--191},
    volume = {122},
}

@article{Pourarian2016EfficientSimulation,
    title = {Efficient and robust optimization for building energy simulation},
    year = {2016},
    journal = {Energy and Buildings},
    author = {Pourarian, Shokouh and Kearsley, Anthony and Wen, Jin and Pertzborn, Amanda},
    pages = {53--62},
    volume = {122},
}

@article{Chen2016ModelingClimate,
    title = {Modeling to predict positive pressurization required to control mold growth from infiltration in buildings in a hot and humid climate},
    year = {2016},
    journal = {Building and Environment},
    author = {Chen, Wei-Jen and Claridge, David E. and Rohrs, Chae and Liao, Jiajun},
}

@phdthesis{Hatami2016ESTABLISHINGIMPLEMENTATION,
    title = {ESTABLISHING INVERSE MODELING ANALYSIS TOOLS TO ENABLE CONTINUOUS EFFICIENCY IMPROVEMENT LOOP IMPLEMENTATION},
    year = {2016},
    author = {Hatami, Zahra},
    school = {Pennsylvania State University},
    isbn = {9788578110796},
    pmid = {25246403},
    arxivId = {arXiv:1011.1669v3}
}

@article{Pritoni2016DoHalls,
    title = {Do Occupancy-Responsive Learning Thermostats Save Energy? A Field Study in University Residence Halls},
    year = {2016},
    journal = {Energy and Buildings},
    author = {Pritoni, Marco and Woolley, Jonathan and Modera, Mark P.},
}

@article{Baldacci2016NaturalDetection,
    title = {Natural Gas Consumption Forecasting for Anomaly Detection},
    year = {2016},
    journal = {Expert Systems with Applications},
    author = {Baldacci, Lorenzo and Golfarelli, Matteo and Lombardi, Davide and Sami, Franco},
}

@article{Yan2016AAnalysis,
    title = {A sensor fault detection strategy for air handling units using cluster analysis},
    year = {2016},
    journal = {Automation in Construction},
    author = {Yan, Rui and Ma, Zhenjun and Kokogiannakis, Georgios and Zhao, Yang},
}

@article{Li2016AAnalysis,
    title = {A Data-driven Strategy for Detection and Diagnosis of Building Chiller Faults Using Linear Discriminant Analysis},
    year = {2016},
    journal = {Energy and Buildings},
    author = {Li, Dan and Hu, Guoqiang and Spanos, Costas J.},
}
